3300 5102
500 359 683 409 narcara
707 349 851 408 ‘us'rm’
875 355 976 405 vams
1000 354 1128 403 uonna.
1317 335 1380 399 379

245 518 280 582 in
310 541 408 582 rmum
440 516 642 600 Esquilinum
676 535 824 598 campum
860 510 1044 576 ducentium
1075 507 1282 572 manifestum
1319 506 1379 570 sibi
1417 594 1421 604 ἡ

245 629 415 713 vestigium
437 629 522 692 visus
546 631 615 691 erat
637 627 670 690 in
693 623 921 710 Porphyrionis
944 621 984 686 ad
999 620 1126 686 Horatii
1149 619 1251 704 Epod.
1276 618 1380 682 verbis

242 740 412 824 indagare:
435 747 466 804 tn
489 747 613 818 ruptone
635 745 765 818 aqqcrls,
790 745 925 816 quaeest
939 746 1030 799 aetra
1047 743 1168 814 portas
1182 735 1376 810 Esquilinas,

242 858 329 916 solitu
348 856 446 930 fuisse
464 873 636 932 pauperum
664 869 798 929 corpora
828 855 875 913 acl
902 851 1039 912 comburi
1059 852 1105 909 ccl
1124 849 1231 924 proici.
1277 840 1379 916 (luam
1400 850 1423 897 ut

242 966 350 1027 tamen
373 963 564 1046 scripturam
586 962 670 1025 unde
692 959 821 1044 petierit
835 957 953 1040 neseio,
979 956 1162 1038 cumines,
1186 975 1266 1038 quae
1287 952 1379 1016 nobis

242 1075 276 1137 in
304 1078 453 1158 promptu
476 1075 540 1156 est,
575 1071 766 1136 scholiorum
793 1070 932 1134 editione
954 1069 1089 1150 rectius,
1124 1069 1159 1130 ut
1187 1066 1221 1128 in
1250 1063 1379 1148 reliquis

241 1184 354 1248 horum
376 1184 619 1249 scholiastarum
641 1183 718 1248 locis
737 1182 895 1264 omrribuS‚
919 1179 1076 1264 singulari
1098 1197 1230 1241 numero
1252 1175 1396 1259 legatur·

237 1307 359 1374 partam
388 1299 586 1375 Esquilinam.
634 1293 751 1380 [portas
778 1299 951 1373 Esquilinas
981 1290 1072 1354 video
1099 1291 1208 1352 tamen
1230 1309 1316 1350 nuuc
1339 1286 1379 1349 ab

240 1405 416 1469 Hauthalio
445 1406 603 1470 editurae
627 1404 811 1489 codicibus]
857 1403 977 1468 Contra
1010 1402 1091 1466 miro
1125 1399 1218 1463 modo
1251 1419 1379 1461 securus

240 1517 324 1581 idem
353 1516 406 1581 ille
434 1515 532 1581 Pialis
555 1518 593 1581 de
621 1517 810 1602 gravissimo
833 1515 969 1598 quodam
992 1515 1181 1597 argumento
1203 1509 1282 1591 fuit,
1317 1530 1379 1590 quo

242 1628 392 1693 aduersus
420 1649 489 1710 eos,
520 1629 573 1712 qui
606 1650 671 1692 non
699 1629 826 1691 differre
849 1625 890 1690 ab
911 1624 1080 1709 Esquilina
1101 1620 1286 1686 Plautinum
1308 1639 1379 1702 por-

240 1742 306 1802 tam
329 1739 600 1823 existimaverant,
624 1740 687 1803 ianr
702 1737 864 1802 Nardinus
886 1759 961 1802 usus
985 1737 1064 1818 erat,
1089 1731 1250 1798 commode
1273 1733 1380 1793 autem

239 1849 286 1912 uti
314 1849 462 1933 Nibbyus
489 1850 604 1934 potuit.
650 1849 711 1924 Qui
740 1871 810 1913 cum
838 1848 932 1912 unius
960 1845 1147 1930 Esquilinae
1176 1845 1286 1927 portae
1308 1861 1378 1923 pro-

237 1959 308 2044 pria
336 1960 435 2024 fuisse
463 1961 609 2044 sepulcra
638 1964 788 2046 negaret,
818 1959 960 2044 negabat
982 1959 1065 2042 qued
1088 1977 1147 2020 nee
1171 1953 1380 2020 contenderat
1467 2031 1483 2050 Ι

237 2073 412 2155 quisquam'
437 2093 497 2135 nec
525 2072 630 2156 potuit
659 2071 850 2136 contendere
878 2071 912 2134 in
939 2073 1032 2136 tanta
1056 2067 1271 2153 exemplorum
1301 2063 1379 2128 mal-

243 2181 393 2246 titudine:
433 2183 635 2267 pauperculis
663 2183 749 2247 enim
778 2181 968 2266 sepeliendis
995 2183 1028 2246 et
1055 2181 1166 2244 infimo
1195 2177 1265 2242 loco
1293 2175 1378 2238 natis

238 2293 436 2358 destinatum
459 2315 606 2378 campum
628 2293 832 2378 Esquilinum
854 2293 1011 2357 dixerant.
1053 2291 1098 2355 Et
1121 2301 1228 2356 tamen
1250 2315 1288 2356 ea
1309 2287 1379 2373 ipsa

238 2427 333 2488 quam
356 2405 569 2490 impugnabat
598 2389 758 2469 sententia
786 2405 864 2468 adeo
886 2404 953 2468 eius
975 2403 1075 2467 menti
1097 2400 1273 2468 inhaesisse
1295 2403 1379 2468 vide-

237 2517 305 2598 tur,
340 2519 377 2580 ut
402 2515 488 2580 hanc
516 2515 716 2600 potissimum
744 2517 784 2580 ob
813 2537 957 2580 caussam
985 2516 1094 2600 (quam
1122 2515 1207 2579 enim
1229 2513 1379 2580 habuerit

238 2626 371 2712 aliam?)
405 2649 470 2690 non
500 2627 646 2710 auderet,
680 2649 775 2712 quam
807 2627 847 2690 ab
871 2626 1038 2710 Esquilina
1065 2625 1136 2709 ipsa
1164 2626 1377 2710 discernebat,

238 2737 371 2801 eandem
393 2741 519 2821 portam
540 2737 674 2803 Metiam
697 2738 829 2802 etiamn
845 2736 964 2802 vicinia
985 2736 1173 2822 Esquilinae
1196 2760 1376 2823 segregare.

238 2846 327 2912 Nihil
354 2853 463 2913 tamen
492 2848 605 2914 horum
633 2848 774 2912 omnium
802 2849 984 2912 doctissimo
1012 2847 1199 2914 Furianette
1227 2849 1375 2932 subolnit,

236 2961 289 3041 qui
320 2958 545 3024 additamentis
575 2959 616 3023 ad
644 2957 812 3054 Forcellipi
840 2957 979 3024 Lexieon
1007 2965 1132 3024 Mettum
1161 2959 1242 3024 dixit
1264 2965 1379 3024 Romae

232 3083 355 3148 portam
378 3077 458 3134 inter
480 3076 666 3151 Esquilinam
688 3083 717 3136 et
742 3075 1012 3150 Querquetulanum
1035 3071 1146 3152 sitam,
1176 3070 1270 3154 idque
1299 3070 1377 3135 Nib-

238 3178 334 3262 byum
349 3181 602 3246 demonstrasse:
626 3183 740 3246 utiam
761 3181 935 3246 verendrun
958 3181 1000 3246 sit
1021 3204 1061 3246 ue
1083 3180 1180 3245 latius
1204 3203 1291 3246 error
1313 3205 1376 3246 scr-

238 3293 303 3372 pat.
336 3290 456 3356 Contra
478 3291 600 3358 Pialem
623 3296 729 3358 autem
751 3293 835 3378 quod
858 3293 994 3357 diximus
1010 3291 1183 3381 Nardini*)
1207 3315 1375 3379 argumen-

237 3402 305 3464 tum
327 3402 449 3486 valere,
478 3403 510 3468 id
533 3404 572 3468 ad
596 3404 806 3469 Cleostratam
828 3404 1012 3470 Plautiaam
1035 3407 1176 3489 spectat,
1211 3406 1299 3470 cuius
1322 3406 1376 3471 ille

237 3513 368 3594 negavit
390 3535 460 3578 earn
483 3515 703 3580 condicionem
723 3515 833 3598 facisse,
857 3519 893 3578 ut
914 3537 985 3580 cum
1006 3516 1200 3600 pauperibus
1223 3520 1255 3581 et
1277 3518 1375 3582 servis

240 3709 440 3722 ᾖ.

305 3835 330 3903 *)
349 3836 391 3892 La
408 3837 511 3907 Mella,
530 3837 583 3906 ait,
602 3842 633 3898 cll
649 3845 697 3899 cru¹
713 3842 791 3900 disse
808 3841 911 3899 Plauto
931 3843 1005 3898 nella
1024 3841 1145 3899 Carina:
1174 3841 1258 3900 Illum
1277 3844 1377 3912 edepol

237 3945 260 3982 e,
281 3945 306 3996 q.
327 3949 358 3996 s,
383 3933 421 3988 da
443 3935 494 3990 clte
516 3942 681 4004 ornamenta
704 3937 726 3992 ll
746 3937 886 3994 Panaim'o
909 3953 990 3994 esser
1013 3943 1088 3994 stata
1105 3938 1133 3992 la
1152 3939 1304 3994 medesima
1321 3955 1374 3994 cun

237 4025 425 4094 t'asaeittna·
458 4047 503 4083 ma
528 4029 685 4086 Cleostrata
708 4047 764 4086 nou
787 4047 839 4086 cra
856 4047 975 4098 ponera,
1007 4031 1100 4099 dere
1118 4049 1185 4088 cosa
1205 4038 1288 4087 cecata
1306 4033 1373 4088 l'nb-

238 4119 371 4186 bruqtare
389 4123 401 4175 ι’
417 4122 554 4178 cadaueri
573 4126 624 4192 pta
645 4125 728 4194 fuori
749 4125 812 4180 dcll'
837 4125 909 4181 altre
931 4131 1027 4192 porte,
1051 4124 1102 4180 elac
1125 4125 1188 4180 dcll'
1213 4126 1373 4194 Esquilina,

155 4201 156 4206 ’
238 4211 306 4268 daec
325 4214 384 4268 eolo
401 4219 562 4281 pallenensi
579 4216 651 4273 nelle
668 4217 807 4274 I’utlcule.
836 4219 876 4270 Ac
894 4217 927 4271 de
945 4215 1075 4286 puticulis
1094 4215 1205 4284 quidem
1224 4215 1292 4270 mire
1312 4235 1374 4272 eum

237 4300 337 4356 fefellit
354 4302 459 4374 opinio:
484 4307 559 4375 quod
576 4325 632 4364 non
650 4311 694 4364 eet
710 4309 790 4365 huius
808 4309 862 4365 loci
880 4307 994 4364 ulterim
1011 4307 1148 4379 persequi.
1184 4309 1262 4375 Quod
1281 4313 1374 4370 autem

238 4394 272 4454 de
291 4397 446 4456 cremandis
465 4399 648 4458 cadaveribus
666 4402 742 4472 dicit,
762 4403 796 4460 de
815 4419 848 4460 eo
866 4419 978 4474 prorsus
996 4421 1052 4460 non
1071 4404 1186 4460 constat.
