3264 5082
275 336 316 399 46
540 337 633 398 11555
662 351 722 398 515
745 352 869 400 numni
891 351 956 399 555
979 351 1145 400 ausurus.

276 502 470 586 Amphitruo
497 502 557 566 mit
583 503 754 568 besonders
777 502 1028 569 susfdhrliehem
1051 503 1256 570 Commentar
1278 504 1417 568 bedaoht

275 635 352 696 wer,
376 634 411 676 so
433 613 523 678 stehe
546 613 598 678 ich
621 613 777 679 5151155
798 615 1030 700 voraugsweise
1050 636 1114 679 555
1136 613 1318 678 demselben
1335 613 1418 677 auch

276 723 326 786 die
349 723 484 787 ‘multas
507 723 703 788 additiones’
733 747 772 788 zu
794 725 979 807 verstehen,
1008 723 1059 788 die
1087 724 1144 788 auf
1163 725 1234 788 dem
1257 723 1341 788 Titel
1364 745 1418 808 ge-

276 832 384 897 11111111
406 833 557 898 werden·
588 833 633 898 Es
662 833 769 898 wilrde
799 835 866 899 dies
893 834 1021 900 keinem
1045 833 1174 898 Zweifel
1203 834 1417 918 unterlicgen,

276 965 370 1008 wenn
393 965 427 1006 55
448 943 595 1007 5511111151
617 943 825 1027 5551155115,
850 967 916 1010 5555
939 945 985 1009 515
1008 945 1061 1009 515
1083 944 1332 1010 5555155115155
1354 943 1418 1008 Re-

276 1053 376 1117 sultat
397 1053 453 1116 der
474 1053 727 1118 Niebuhr'schen
749 1054 972 1140 Abhandlung
994 1055 1040 1140 (p.
1067 1055 1141 1140 177)
1164 1077 1227 1119 von
1248 1053 1419 1118 manchem

276 1162 464 1228 wiederholt
478 1163 606 1228 worden
627 1165 680 1248 ist,
704 1165 776 1228 dass
798 1164 867 1228 sich
882 1162 1250 1230 Hermolaus'Berbarus
1265 1165 1300 1229 iu
1315 1165 1419 1229 einem

277 1272 385 1338 Briefe
408 1273 509 1338 selbst
531 1275 578 1338 515
601 1275 662 1338 den
684 1273 854 1338 Verfosser
881 1275 937 1340 der
958 1273 1104 1339 15155155
1127 1273 1251 1340 Scenen
1274 1275 1319 1338 im
1340 1275 1418 1338 Am-

277 1383 405 1467 phitruo
420 1383 577 1449 bekenne.
615 1385 704 1448 Aber
725 1383 781 1448 das
803 1406 889 1448 muss
911 1407 987 1449 man
1009 1384 1207 1450 awischen
1230 1385 1292 1449 den
1308 1383 1418 1448 Zeilen

277 1493 408 1578 gelesen
434 1493 557 1578 haben,
587 1494 627 1558 in
655 1493 754 1558 ihnen
783 1494 870 1558 steht
897 1495 1093 1580 wenigstens
1120 1495 1155 1559 in
1183 1495 1239 1558 der
1266 1494 1419 1579 Ausgabe

278 1603 333 1667 der
348 1602 608 1669 ‘Politianischen
630 1603 753 1686 Briefe,
783 1604 834 1668 die
860 1605 923 1669 mir
944 1628 1000 1670 zur
1022 1605 1119 1670 Hand
1141 1605 1199 1688 ist,
1227 1605 1303 1669 kein
1324 1604 1420 1668 Wort

277 1735 349 1777 vom
371 1714 579 1799 Amphitruo,
609 1715 748 1780 sondem
775 1715 882 1779 nichts
903 1716 1029 1800 5551151,
1060 1715 1107 1779 515
1135 1715 1207 1779 dass
1229 1714 1419 1780 Hermolaus

276 1823 330 1888 1111
355 1824 470 1910 irgend
499 1825 586 1889 eines
614 1825 670 1889 der
697 1825 929 1892 liickenhaften
956 1825 1074 1918 81115115
1102 1825 1157 1889 des
1184 1825 1319 1890 Plautus
1348 1825 1419 1888 eine

175 1953 178 1963 ¹
213 1947 259 1996 195
277 1934 449 1999 metrische
476 1935 677 2019 Ergiinzung
710 1935 930 2020 geschrieben.
945 1935 986 2020 2·”)
1036 1935 1105 2000 eur
1137 1935 1199 2000 den
1227 1934 1420 2021 Amphitruo

345 2143 389 2207 25)
415 2138 511 2192 Dumit
528 2137 572 2192 ein
586 2138 668 2207 jeder
691 2138 777 2192 selbst
795 2138 932 2194 urtheilen
950 2139 1053 2205 111555,
1074 2139 1147 2193 55155
1169 2137 1214 2192 151
1236 2138 1290 2191 den
1312 2155 1418 2206 ganzen

276 2231 356 2286 Briel
369 2231 433 2296 XII,
452 2237 484 2284 11
511 2247 560 2284 555
581 2231 652 2300 Aug.
672 2230 804 2286 Politiani
822 2232 926 2302 Opera,
952 2231 1080 2301 Lugduni
1105 2249 1150 2301 ap.
1174 2229 1237 2286 Seb.
1262 2229 1418 2300 Gryphium

280 2330 358 2391 1536,
376 2327 395 2378 t.
415 2325 427 2377 I
444 2341 473 2393 p.
492 2330 542 2378 419
559 2324 684 2379 hierher:
711 2324 891 2392 ‘Hermolaus
907 2325 1049 2379 Barbarus
1066 2324 1104 2380 M.
1122 2324 1152 2378 L.
1172 2324 1336 2394 Phosphoro
1354 2323 1418 2393 Epi·

278 2427 361 2486 scopo
375 2415 490 2486 Signino
503 2415 530 2470 S.
555 2415 635 2482 Quod
646 2419 678 2470 tu
690 2417 882 2474 Octouuriolos
901 2435 978 2473 meos
995 2418 1105 2488 probes,
1124 2416 1263 2472 amicitiae
1281 2418 1330 2484 est,
1344 2415 1419 2484 quod

277 2510 333 2578 alii,
352 2508 505 2564 felicitatis:
525 2509 600 2578 quod
617 2509 654 2566 ad
666 2527 714 2566 555
731 2511 829 2582 populi
841 2527 991 2568 concursus
1003 2511 1060 2578 1151,
1078 2509 1181 2581 partim
1199 2510 1297 2578 155151,
1314 2511 1419 2580 purtim

278 2602 371 2658 doleo:
390 2603 517 2670 alterum,
535 2604 567 2657 ut
584 2604 718 2659 adeuntes
737 2604 887 2660 aemulatio
906 2606 1035 2660 exacuet:
1065 2604 1197 2670 alterum,
1216 2603 1360 2672 55151515
1378 2602 1418 2656 ui-

278 2696 330 2751 deo
348 2697 379 2750 51
396 2695 476 2750 multi
494 2714 538 2751 me
557 2696 678 2764 rideant,
701 2698 780 2766 55551
803 2699 852 2752 551
870 2716 933 2753 5515
950 2698 1050 2752 Plauto
1069 2701 1176 2752 5511515
1195 2695 1300 2750 salibus
1318 2699 1347 2751 51
1365 2697 1419 2750 elo-

278 2789 393 2856 quentia
415 2789 560 2858 voluerim,
587 2793 636 2845 551
661 2807 721 2845 1551
739 2791 868 2846 Latinam
891 2791 1068 2861 supposititio
1091 2791 1212 2858 quodam
1235 2793 1319 2859 partu
1341 2790 1420 2843 55151

278 2881 514 2938 55515115155515
533 2883 727 2953 cogitaverim,
754 2901 803 2939 ceu
820 2901 876 2937 non
894 2885 982 2938 multo
1001 2883 1098 2937 melium
1115 2883 1163 2949 sit,
1182 2882 1339 2937 comoedias
1358 2882 1418 2936 eius

278 2977 540 3046 555155551155155
558 2979 587 3033 51
604 2977 747 3032 mutilatus
766 2977 948 3044 circumferri,
966 2994 1050 3045 quam
1068 2976 1277 3032 reconcinnetur
1295 2975 1416 3045 interpo-

278 3069 404 3138 15155555
423 3071 457 3126 de
475 3087 550 3138 meo,
580 3087 636 3124 non
654 3089 731 3126 secus
750 3071 880 3138 Hercule,
904 3088 987 3140 quarn
1006 3071 1054 3140 551
1072 3072 1179 3125 statuas
1197 3068 1306 3138 antiqui
1324 3069 1417 3138 operis

279 3163 337 3218 5155
357 3163 448 3232 555115
466 3167 515 3218 551
531 3164 649 3234 pedibus
661 3164 788 3220 15555155
805 3164 931 3220 reficiunt
948 3163 1196 3233 ferruminantque,
1213 3178 1303 3230 neque
1322 3161 1418 3216 vident

278 3255 366 3310 multo
389 3255 479 3310 151555
502 3257 542 3310 515
563 3257 687 3326 integras
713 3259 825 3328 5155515
853 3274 936 3324 55551
962 3263 1082 3312 truncas.
1124 3257 1162 3310 At
1187 3255 1274 3322 euim,
1299 3255 1417 3324 inquies,

278 3347 370 3403 Plauti
387 3348 478 3418 gloria
495 3367 528 3404 ex
547 3352 754 3421 comparatione
772 3353 884 3406 crescet.
914 3350 947 3405 Id
965 3353 1044 3406 curat
1061 3349 1166 3404 scilicet
1183 3348 1416 3403 eminentissimus

278 3445 371 3512 poeta,
389 3443 437 3512 qui
454 3443 498 3496 151
515 3444 614 3498 5555115
631 3443 660 3498 15
678 3461 807 3514 55515515
821 3443 908 3510 stetit,
926 3443 956 3498 iu
969 3443 1207 3514 comparationem
1219 3442 1302 3497 modo
1315 3442 1420 3508 veniat,

278 3537 307 3589 in
326 3535 452 3590 ordinem
470 3553 499 3590 55
517 3537 581 3606 cogi
598 3539 627 3591 51
645 3537 755 3607 ordgari
773 3538 883 3593 sentiat.
910 3535 1021 3606 Alioqui
1040 3535 1174 3592 stultitiae
1192 3536 1349 3606 proximum
1367 3537 1420 3600 est,

281 3633 310 3682 51
328 3629 436 3684 eliense
455 3631 546 3684 155155
565 3630 716 3698 considam,
734 3647 798 3686 meo
815 3630 902 3700 ipsius
919 3629 1025 3686 nomini
1042 3631 1161 3686 officere.
1198 3627 1254 3684 Sed
1272 3629 1295 3684 si
1312 3628 1420 3683 15551-

280 3723 391 3790 debum,
410 3741 457 3778 551
475 3740 531 3778 555
549 3723 704 3794 1515551551
722 3724 915 3780 ascribendo?
938 3723 1084 3794 Ingenium
1103 3723 1203 3792 (5111)
1221 3721 1339 3778 exercui.
1363 3722 1421 3776 Nec

278 3817 307 3870 in
325 3835 388 3872 eum
411 3835 471 3872 rem
494 3817 545 3885 (ite
568 3816 635 3872 mihi
652 3835 748 3874 515555
766 3817 889 3874 Plautini
909 3835 965 3872 nou
987 3818 1154 3885 1155555151)
1178 3817 1297 3888 amplius
1320 3814 1422 3884 555551-

279 3911 350 3965 1515
368 3912 524 3982 impensum
546 3913 600 3978 est,
627 3911 745 3966 seduco
763 3911 901 3966 edendum
918 3911 947 3964 id
963 3911 1069 3981 551551,
1088 3929 1139 3967 555
1157 3909 1263 3966 editum
1281 3909 1363 3975 volo,
1390 3911 1421 3962 tu

279 4021 323 4058 me
340 4004 427 4060 155115
445 4004 694 4072 15515511151115555
713 4004 903 4061 551155515511.
939 4003 1045 4060 Vitium
1063 4020 1119 4058 non
1137 4007 1180 4058 est
1198 4005 1329 4070 scribere,
1349 4019 1420 4070 quae

280 4097 385 4168 5511515
411 4115 467 4152 555
489 4098 614 4168 placent,
641 4098 691 4153 sed
713 4097 853 4153 emittere:
883 4099 1031 4153 55515515
1053 4097 1200 4152 scribentis
1223 4096 1318 4168 agitur
1339 4096 1420 4150 1555

281 4193 355 4262 quod
374 4191 483 4258 scribit,
507 4191 556 4245 sed
574 4191 601 4244 in
621 4209 653 4246 eo
673 4192 748 4262 quod
764 4192 880 4262 probat:
911 4191 1006 4262 scripsi
1028 4193 1132 4260 fateor,
1155 4209 1211 4246 non
1230 4190 1359 4262 probavi:
1390 4193 1421 4244 15

281 4285 421 4358 probasti,
448 4301 503 4338 uon
526 4284 672 4357 scripsisti:
700 4288 815 4340 155155
842 4285 936 4356 agitur
958 4302 1014 4341 non
1036 4303 1112 4340 mea:
1148 4285 1175 4340 si
1198 4285 1347 4340 suliulam
1366 4283 1421 4337 edi

282 4382 386 4448 voles,
415 4383 551 4449 5555515
574 4379 616 4434 ius
639 4383 817 4450 5155155155
840 4377 898 4434 5155
921 4381 1134 4434 15115155515.
1172 4381 1271 4448 ltaque
1290 4379 1345 4433 iam
1364 4395 1419 4432 555
