3300 5102
285 312 348 376 378
560 333 799 393 qvaasmouns
823 337 1129 388 'concesserimus

238 562 259 588 ·
286 483 424 570 ceredi),
455 485 587 550 Metiam
617 487 683 552 sive
715 490 823 573 potius
851 490 1008 556 Maeciam
1037 493 1126 579 (nam
1155 519 1174 558 a
1202 496 1288 560 tribu
1322 499 1422 585 ducit)

283 596 398 659 statuit
421 597 460 660 al]
483 597 651 682 Esquilina
679 599 775 683 plane
802 601 960 667 diversam
988 607 1020 668 et
1041 604 1127 670 inter
1153 605 1238 671 hauc
1266 607 1424 694 Querque-

283 705 491 792 tulauamque
518 709 625 793 posuit
653 710 801 776 mediam.
846 713 942 779 Curius
970 701 1110 779 instituti
1133 738 1199 781 non
1222 717 1425 804 adsequimur

282 839 395 883 sanam
417 819 586 884 rationem.
632 820 716 886 Nam
744 827 780 887 ut
802 823 888 888 aliud
910 825 1060 910 quiddam
1082 849 1168 892 nune
1189 829 1333 913 mittam,
1363 839 1424 896 'nec

283 951 339 1014 per
361 953 395 994 se
417 931 515 995 habet
536 931 615 997 illud
630 938 856 1018 argumentum
878 936 943 1001 vim
957 936 1066 1020 ullam,
1091 961 1173 1022 cum,
1197 941 1280 1024 quod
1303 942 1423 1006 etiarn

283 1040 360 1104 alibi
393 1041 554 1106 interdmn
591 1045 697 1128 fieret,
732 1049 841 1110 tamen
874 1047 917 1110 de
951 1071 1055 1112 more
1088 1049 1230 1133 potuerit
1262 1051 1422 1135 Esquilini

283 1153 387 1237 campi
416 1154 581 1239 preprium
610 1177 693 1220 esse:
729 1178 790 1220 nec
820 1157 847 1220 si
875 1156 1025 1240 haberet,
1054 1159 1117 1223 alio
1139 1160 1276 1244 valeret,
1300 1162 1363 1226 nisi
1386 1165 1422 1227 ut

281 1287 347 1328 uon
369 1265 549 1329 necessario
572 1267 705 1331 eandem
727 1289 796 1332 esse
811 1267 944 1332 Metiam
960 1273 1055 1354 atque
1071 1271 1272 1355 Esquilinam
1294 1273 1421 1338 creden-

251 1371 256 1390 '
281 1375 364 1459 dam,
390 1377 443 1440 sed
466 1397 581 1460 posse
603 1379 772 1462 utramque
795 1378 954 1444 diversam
975 1379 1088 1445 haberi
1110 1385 1290 1466 appareret.
1336 1382 1417 1459 Quid

282 1489 388 1550 autem
410 1487 489 1552 illud
511 1489 641 1553 taudem
664 1512 732 1554 esse
755 1489 907 1575 dicamus,
931 1491 1014 1576 quod
1037 1491 1077 1555 ab
1099 1492 1161 1556 isto
1176 1493 1304 1577 quidem
1327 1517 1422 1580 argu-

281 1601 389 1663 mento
410 1599 573 1682 proiectus
595 1600 656 1685 ipsi
679 1600 865 1684 Esquilinae
893 1602 1071 1685 proximam
1093 1604 1224 1687 posuit?
1267 1603 1369 1680 Quam
1392 1606 1419 1668 si

280 1710 349 1792 quis
377 1709 515 1774 mediam
542 1710 656 1775 fecerit
681 1711 767 1775 inter
790 1710 947 1778 Collinam
976 1716 1009 1778 et
1032 1713 1226 1799 Salutarem,
1256 1715 1307 1780 vel
1334 1715 1420 1780 inter

281 1819 444 1903 Capenam
467 1820 814 1906 Caelimontanamque,
838 1824 887 1886 vel
909 1845 927 1887 a
949 1824 1040 1889 laeva
1062 1824 1177 1890 saltem
1198 1828 1290 1910 parte
1307 1825 1420 1910 Esqui-

281 1931 365 1994 linae
387 1930 472 1995 inter
493 1934 577 1997 hauc
600 1937 632 1997 et
654 1933 864 1999 Viminalem:
901 1935 930 1998 ei
952 1935 1028 2019 quid
1050 1937 1181 2000 taudem
1203 1935 1350 2021 Nibbyus
1372 1959 1417 2001 re-

280 2063 456 2126 sponsurus
487 2043 610 2107 fuerit?
653 2045 758 2128 Atque
781 2045 924 2110 instituit
945 2046 1011 2110 eius
1039 2047 1125 2111 modi
1154 2046 1305 2130 quiddam
1338 2046 1418 2110 alius

280 2153 432 2239 scriptor,
457 2153 639 2239 Stephanus
662 2155 750 2220 Piale
773 2155 997 2221 dissertatione
1021 2163 1097 2222 delle
1120 2169 1210 2239 porte
1232 2163 1282 2222 del
1302 2164 1418 2224 recines

280 2272 313 2329 di
333 2255 439 2330 Serve'b
464 2270 563 2331 Tullio
584 2272 664 2330 nella
688 2277 782 2347 purte
805 2273 951 2332 ortentcle
979 2275 1014 2333 di
1039 2273 1135 2333 Roma
1164 2291 1193 2332 a.
1221 2269 1302 2334 1833
1331 2267 1416 2332 edita

279 2399 311 2460 p.
334 2376 374 2439 21
398 2398 458 2460 sq„
482 2377 536 2440 ubi
558 2376 632 2440 inde
655 2377 814 2442 attilliua
834 2379 895 2442 hoc
917 2402 985 2444 sese
1008 2379 1119 2443 ordine
1142 2378 1285 2464 singulas
1308 2381 1417 2463 portes

280 2486 442 2572 excepisse
457 2487 566 2552 finxit:
590 2487 758 2573 Collinam,
773 2488 1196 2574 Catulariam,Vi1uinalem,
1214 2489 1415 2570 Collatinam,

280 2599 436 2664 Maeciam
466 2598 580 2684 (Mevia
603 2599 714 2664 scribit
740 2621 798 2683 pro
821 2605 942 2684 Mezic,
972 2623 1164 2686 (quamquam
1187 2623 1206 2664 a
1227 2599 1326 2664 Metio
1353 2599 1416 2664 dic-

279 2712 347 2772 tam
370 2710 511 2796 putans),
536 2709 747 2795 Esquilinam.
792 2710 875 2775 Nolo
896 2733 984 2776 nunc
1006 2712 1126 2796 reliqua
1149 2711 1339 2795 impugnare
1361 2733 1415 2774 no-

280 2820 383 2884 nrina:
407 2825 519 2885 contra
541 2843 621 2905 quae
637 2845 674 2886 ca
690 2822 751 2885 dici
774 2827 918 2906 possunt,
942 2845 1022 2906 quae
1045 2822 1175 2887 difficile
1197 2820 1295 2886 fuerit
1316 2820 1417 2904 repel-

279 2930 359 2995 lere:
382 2931 417 2995 in
438 2931 508 3016 ipsa
530 2932 630 2997 Metia
652 2933 900 3018 disputationem
923 2935 1080 2998 contineo.
1111 2933 1222 3017 ltaque
1244 2931 1297 3008 hic
1319 2931 1416 3014 scrip-

279 3045 330 3106 tor
353 3065 408 3107 eur
429 3044 518 3107 iuxta
537 3042 754 3127 Esquilinam,
778 3065 970 3128 quamquam
991 3045 1030 3108 ad
1050 3043 1174 3108 laevam
1195 3044 1301 3127 potius
1322 3064 1416 3127 quam

281 3175 353 3218 cum
374 3153 501 3238 Nibbyo
524 3154 564 3218 ad
581 3154 741 3239 dextram,
765 3153 869 3220 locum
885 3154 1002 3219 Metiae
1024 3158 1135 3238 portae
1157 3153 1346 3238 adsignarit,
1370 3152 1416 3216 in-

280 3264 389 3349 tellegi
419 3268 503 3329 certe
531 3268 650 3350 putest3
683 3267 801 3350 quippe
828 3287 893 3330 non
928 3264 1112 3348 dubitabat,
1149 3263 1226 3348 quin
1260 3265 1298 3328 de
1330 3285 1416 3327 more

280 3375 446 3459 suppliciis
478 3375 721 3461 sepulturaeque
760 3399 890 3460 campus
926 3375 1112 3461 Esquilinus
1149 3374 1346 3456 inservierit,
1383 3373 1416 3437 id

280 3485 364 3570 quod
385 3491 562 3571 negaverat
583 3485 739 3572 Nibbyus.
774 3487 967 3571 Accedebat,
991 3487 1074 3571 quod
1096 3485 1231 3551 duarum
1253 3487 1417 3570 pertarum

348 3735 374 3804 *)
397 3735 513 3804 ‘Qucrti
534 3737 589 3793 due
611 3739 694 3804 paret
718 3737 761 3802 (di
776 3737 890 3804 Plauto)
913 3737 1013 3806 secero
1036 3735 1075 3791 ad
1091 3734 1188 3791 alcuni
1205 3733 1334 3790 moderni
1350 3749 1416 3790 con·

280 3831 403 3901 fondere
420 3830 449 3886 la
464 3836 549 3899 porta
566 3829 660 3886 Meziu
679 3830 752 3888 cotta
770 3829 929 3899 Esquilina,
944 3827 1052 3898 percus
1070 3828 1118 3884 uel
1132 3829 1224 3895 panno
1242 3829 1269 3884 ei
1284 3827 1371 3895 parta
1388 3827 1419 3882 di

282 3943 321 3982 un
344 3941 425 3992 repo,
454 3923 501 3982 nel
522 3925 643 3982 secondo
666 3925 696 3980 ἀι·
719 3941 758 3982 un
780 3924 933 3993 suppleto,
961 3937 1038 3980 come
1055 3921 1131 3979 soliti
1147 3922 1229 3991 sarri
1243 3923 1326 3990 fuori
1342 3921 1417 3977 della

278 4025 364 4088 porta
382 4017 485 4076 Mesia.
521 4018 571 4074 Ma
589 4025 693 4087 quaaeuo
712 4019 741 4074 αἱ
755 4021 849 4088 prime
867 4035 922 4076 nou
943 4033 996 4074 cru
1012 4017 1155 4085 privativa
1173 4016 1248 4072 delta
1265 4021 1349 4084 portu
1362 4015 1416 4070 Es-

282 4113 388 4180 quilina
416 4113 478 4170 sela
500 4111 590 4169 l’ever
611 4111 694 4182 fuori
719 4113 855 4180 repeirri,
879 4127 894 4168 e
918 4112 1017 4180 percit
1038 4109 1209 4178 pertaedeat
1234 4109 1265 4164 di
1287 4125 1326 4164 uu
1349 4125 1417 4174 repo

283 4223 339 4263 non
362 4223 397 4263 nc
420 4222 505 4274 seque
527 4206 578 4262 cte
600 4207 629 4261 la
650 4205 746 4262 Mesia
762 4207 847 4276 soree
866 4223 924 4262 utra
940 4211 1041 4261 eterra
1057 4208 1142 4272 porta
1160 4202 1233 4258 colla
1251 4201 1416 4269 Esqru'liua:

282 4305 385 4367 quamn
400 4303 451 4368 poi
468 4300 497 4355 ul
513 4300 652 4368 supplizio
671 4315 779 4355 aurora
797 4305 893 4368 questo
906 4315 963 4356 uon
975 4301 1002 4356 si
1018 4297 1151 4364 crepaturi
1169 4295 1228 4352 solo
1244 4294 1327 4365 sueri
1343 4294 1417 4350 delta

279 4401 365 4468 porta
383 4393 542 4463 Esquilina,
561 4411 605 4450 ma
621 4409 695 4462 pure
714 4395 743 4448 r‘n
762 4393 830 4449 altri
845 4392 948 4460 lumbi,
967 4407 982 4448 e
1001 4392 1101 4449 deterre
1119 4390 1147 4446 ta
1165 4389 1234 4446 siud
1252 4394 1382 4446 ancora)
