3276 5082
275 347 334 410 196
564 363 634 410 uss
656 350 863 412 1111111111
884 363 1116 414 meruisses:

599 520 681 592 Quae
703 524 841 582 tamdiu
863 524 954 584 vidua

598 608 672 669 Viro
694 610 747 669 suo
771 609 876 668 caruit.

597 693 676 753 Nam
697 713 752 754 noe
775 695 838 754 eius
860 693 993 754 animum
1013 727 1054 740 -ψ-

270 859 300 924 d.
324 859 356 923 h.
386 859 530 924 offenbar
556 858 604 923 als
632 858 846 924 Choriamben
873 859 933 922 mit
965 858 1176 944 zweieilbiger
1204 827 1331 944 Basie,
1350 839 1409 926 wie

269 969 322 1035 ich
344 970 412 1034 dies
434 969 534 1034 durch
557 970 608 1034 die
630 969 718 1034 Ictus
741 969 944 1055 angedeutct.
975 968 1040 1033 Ein
1063 970 1198 1035 anderer
1219 970 1311 1036 httte
1334 971 1408 1035 viel-

270 1077 369 1145 leicht
392 1081 575 1165 Glyconecn
598 1081 713 1172 daraus
735 1079 900 1166 gemacht:

598 1237 694 1298 Credo
717 1257 773 1317 ego
795 1239 948 1311 miseram,
973 1257 1071 1312 soror,

596 1325 702 1384 Fuisse
722 1324 904 1399 Penelopam
927 1343 980 1383 suo

595 1409 642 1467 Ex
663 1409 778 1483 animo,
802 1428 878 1486 quae
900 1412 963 1467 tam
985 1410 1038 1468 diu

596 1493 697 1553 Vidua
718 1513 773 1554 suo
796 1493 892 1554 caruit
913 1495 988 1553 viro.

267 1643 366 1708 Danu
387 1643 498 1727 folgcn
524 1642 568 1706 im
596 1639 789 1727 Palimpsest
816 1643 884 1707 drei
906 1640 1006 1706 Verse
1033 1643 1094 1706 mit
1119 1643 1176 1707 der
1204 1646 1406 1708 monstrtsen

267 1753 595 1839 Zusammensetzung
617 1775 674 1818 aus
696 1752 789 1818 sechs
809 1752 943 1817 lamben
966 1751 1032 1818 und
1054 1753 1158 1818 einem
1181 1753 1362 1838 Spondeus:

351 1929 396 1988 De
417 1929 527 1989 nostris
551 1929 637 1988 factis
659 1929 823 2002 noscimus,
847 1931 974 2006 quarum
996 1929 1053 1987 vin'
1075 1929 1145 1988 hinc
1163 1925 1168 2008 Ι
1188 1929 1313 2002 absunt,

351 2013 544 2090 Quorumque
566 2032 620 2073 nos
642 2015 773 2092 negotiis
795 2014 980 2086 absentium,
1003 2014 1047 2072 ita
1068 2017 1104 2072 ut
1123 2009 1127 2092 Ι
1148 2019 1319 2090 aequomst,

352 2099 505 2158 sollicitae
527 2099 641 2158 nocteis
664 2103 694 2158 et
717 2099 794 2175 dies,
813 2101 916 2172 soror,
940 2118 1043 2158 sumus
1062 2093 1066 2178 Ι
1086 2119 1211 2174 semper.

266 2265 327 2329 Die
361 2263 519 2329 niichsten
547 2263 648 2328 Verse
684 2267 815 2330 wurdcn
848 2263 1057 2329 sichtbarlich
1091 2265 1145 2328 fiir
1178 2265 1404 2348 anapiistische

267 2374 459 2438 Monometri
481 2397 687 2460 genommen:

596 2533 741 2593 Nostrum
763 2533 895 2594 officium

593 2619 657 2678 Nos
680 2619 775 2678 ftecre
798 2622 970 2696 aequomst,

594 2704 700 2782 Neque
722 2706 753 2764 id
774 2706 871 2783 magis
895 2705 1020 2764 facimus
1042 2737 1084 2746 -

265 2853 331 2917 und
347 2853 382 2916 in
398 2852 623 2936 anapi'estische
639 2851 775 2917 Dimetri
797 2853 841 2918 ist
863 2851 940 2917 alles
956 2850 1135 2936 abgetheilt
1149 2873 1211 2916 von
1229 2851 1267 2916 V.
1284 2853 1327 2916 20
1347 2876 1404 2917 an:

511 3010 586 3087 Spes
609 3013 654 3071 est
675 3031 744 3071 eum
765 3011 871 3071 melius
894 3013 1043 3070 facturum

266 3126 315 3190 bis
340 3125 378 3190 V.
401 3125 459 3191 28:

508 3250 614 3326 Neque
637 3251 821 3326 perticipant
842 3269 897 3310 noe
919 3253 1017 3328 neque
1038 3251 1179 3310 redeunt:

265 3399 337 3463 cine
360 3397 576 3482 Abtheilung,
606 3397 725 3463 welche
754 3398 823 3463 sich
849 3398 966 3484 gerade
989 3421 1024 3462 so
1046 3398 1090 3462 im
1112 3398 1280 3462 Palatinus
1301 3397 1404 3462 Vetus

265 3508 411 3572 erhalten
433 3507 492 3572 hat
512 3509 579 3574 und
604 3531 660 3573 aus
688 3507 755 3572 ihm
782 3509 818 3572 in
845 3530 959 3573 unsere
981 3507 1122 3592 Vulgate
1150 3509 1404 3594 iibcrgcgaugen
1453 3491 1455 3496 Ι

265 3619 316 3683 ist.
362 3617 481 3684 Diesen
503 3619 681 3704 regellosen
707 3617 922 3684 Mischmasch
950 3641 1013 3683 von
1035 3618 1262 3703 Versmaszen,
1292 3620 1404 3684 dessen

264 3728 475 3815 Mittheilung
497 3729 658 3794 vielleicht
685 3730 855 3794 manchem
876 3729 950 3794 sehr
972 3728 1172 3794 erwiinschte
1195 3729 1323 3794 Waffen
1350 3751 1406 3793 zur

257 3827 524 3926 'Vertheidigrmg
539 3839 744 3906 Bothe'schcr
758 3839 1032 3925 Verssbtheilung
1054 3840 1088 3904 in
1111 3839 1161 3904 die
1183 3840 1300 3904 Hinde
1322 3840 1404 3924 gibt,

264 3950 321 4015 hat
342 3951 487 4016 offenber
514 3950 642 4036 Angelo
670 3951 736 4015 Mai
758 3952 802 4014 im
831 3949 931 4015 Smne
961 3951 1097 4034 gehabt,
1132 3951 1179 4014 als
1208 3973 1242 4014 er
1264 3950 1404 4014 schrieb:

265 4061 365 4127 ‘Illud
398 4061 578 4146 generatim
609 4083 739 4150 moneo,
773 4082 868 4144 saepe
901 4083 1010 4126 versus
1039 4061 1074 4125 in
1103 4060 1210 4124 codice
1240 4061 1280 4124 ad
1313 4059 1403 4144 alias,

265 4195 360 4258 quam
382 4172 417 4236 in
441 4172 634 4237 editionibus
656 4173 822 4254 usuvenit,
845 4171 934 4255 leges
956 4171 1105 4236 metricas
1129 4171 1238 4255 exigi)

347 4283 405 4348 Ich
437 4281 626 4348 wiederhole
661 4280 861 4346 schliesslich
889 4281 1019 4344 meinen
1049 4281 1148 4345 sehon
1183 4282 1265 4345 oben
1294 4303 1405 4365 ausge-

264 4393 464 4481 sprochenen
498 4392 656 4475 Wunsch,
693 4393 760 4456 und
787 4391 916 4456 erlaube
943 4391 1021 4476 mir,
1051 4413 1146 4455 wcnn
1175 4391 1227 4457 sie
1257 4391 1404 4454 Anstand
