3276 5082
589 413 810 462 ouossamvu
832 413 1046 460 rusvmuvu.
1323 397 1386 462 243

248 567 403 650 Vahleni,
444 566 574 630 ottonis
608 565 793 649 Ribbeckii,
828 565 977 651 lingonis
1014 566 1147 652 Ilbcrgii
1177 565 1265 630 nacti
1303 588 1386 631 asse:

248 677 349 742 Ennii
379 678 466 742 Ann.
502 700 530 741 v.
566 679 627 740 411
662 681 798 741 Noenum
830 683 985 756 sperando
1017 683 1127 758 cupide
1159 699 1221 742 rem
1252 683 1388 757 prodere

247 810 392 853 summum
415 787 485 873 (ubi
507 809 566 852 uon
589 794 620 852 iu
642 786 829 871 proditum),
854 786 983 850 Afranii
1011 810 1040 850 v.
1064 789 1123 852 371
1150 792 1208 863 Oui
1223 789 1388 868 propositis

248 901 375 963 nocuum
397 909 506 979 potest,
538 905 609 976 quin
638 895 704 961 mio
731 903 772 961 sit
797 903 890 962 nixus
916 902 1035 962 nimine
1063 899 1131 983 (ubi
1159 898 1242 962 nihil
1263 899 1327 962 nisi
1350 889 1388 962 ric

250 1008 377 1094 codex),
401 1006 501 1072 Ennii
525 1007 612 1071 Arm.
635 1029 664 1071 v.
693 1007 748 1071 161
773 1011 897 1072 Somnio
919 1029 992 1072 uera
1015 1015 1139 1088 aliquot,
1164 1031 1265 1074 uerum
1289 1015 1388 1074 omniu

249 1141 349 1184 uoeuu
371 1129 515 1184 necessest
538 1116 607 1202 (ubi
630 1138 690 1182 uon
713 1121 762 1180 esi
783 1117 819 1181 in
840 1117 956 1203 libris).
1004 1116 1125 1205 [Etiam
1147 1118 1389 1183 luculentiorem

248 1229 418 1293 materiam
433 1227 597 1292 Francisci
613 1226 800 1292 Buechelcn'
816 1249 950 1293 acumen
972 1227 1120 1316 praebuit
1141 1230 1175 1292 in
1191 1228 1389 1293 Fleckeiseni

250 1341 338 1404 Ann.
362 1348 385 1403 t.
409 1339 449 1404 87
474 1339 514 1418 (a.
541 1337 635 1423 1863)
658 1360 689 1420 p.
714 1337 799 1423 774.]

336 1449 356 1513 6
379 1456 615 1514 aliovorsum
639 1446 703 1532 (vel
725 1446 863 1512 fortasse
885 1449 1002 1514 rectius
1025 1457 1086 1514 otio
1108 1471 1236 1527 vorsum,
1261 1451 1339 1514 iicm
1353 1451 1390 1512 ui

249 1560 336 1624 infra
369 1563 389 1640 ἓ
415 1559 454 1624 10
476 1571 603 1636 utroque
623 1557 792 1642 uersum*),
829 1557 868 1620 12
902 1565 1162 1638 aliquovorsum:
1198 1581 1390 1644 quamquam

250 1669 291 1732 ad
314 1669 449 1733 eandam
472 1689 618 1732 normam
639 1667 692 1731 rix
715 1667 845 1731 audebis
869 1667 965 1732 etiam
988 1676 1188 1734 altrovorsum
1204 1673 1224 1750 ς
1243 1669 1292 1752 14,
1316 1675 1389 1733 dec·

249 1791 417 1845 trouorsum
439 1779 497 1858 20,
531 1777 580 1842 vel
603 1778 681 1842 adeo
704 1784 881 1842 altrinsecus
913 1779 964 1842 53.
988 1779 1039 1844 54.
1064 1779 1115 1844 62.
1139 1781 1181 1843 64
1215 1799 1389 1843 accommo-

251 1889 359 1972 dare):
381 1888 567 1953 Aululariae
589 1887 621 1951 11
629 1937 637 1971 ,
661 1889 698 1969 4,
723 1889 742 1951 8
765 1894 864 1966 Atque
884 1891 941 1967 e'po
963 1887 1049 1968 iilud,
1075 1895 1236 1970 Anthrax,
1260 1891 1389 1954 diiouor·

251 2021 315 2064 sum
338 2000 488 2064 elmerum.

335 2108 380 2172 ln
403 2107 691 2172 Bacchidibus.
737 2109 754 2172 7
778 2129 952 2173 noenum:
975 2107 1048 2174 vide
1071 2110 1111 2174 ad
1133 2113 1153 2191 ξ
1175 2111 1206 2175 5.

335 2217 379 2282 ln
401 2217 593 2302 Oaplivis.
617 2217 636 2282 8
659 2223 849 2282 donicum:
872 2218 915 2302 Il,
939 2221 970 2302 2,
995 2220 1036 2284 89
1052 2220 1160 2306 (340);
1183 2221 1254 2285 vide
1270 2221 1389 2301 ad§4.

338 2328 357 2392 9
380 2335 577 2394 citissime:
616 2325 708 2410 Capi.
738 2326 781 2409 II,
804 2327 835 2410 2,
863 2327 922 2392 102
944 2329 1035 2414 (352)
1061 2333 1155 2405 Quim
1177 2333 1322 2396 citissime
1335 2351 1390 2410 pu·

252 2449 315 2511 test,
344 2451 405 2502 tum
427 2444 484 2504 troc
505 2441 615 2503 ce'dere
636 2442 678 2500 ud
695 2438 815 2512 suctim
838 2445 914 2503 uoto.

339 2549 378 2613 10
400 2561 730 2628 utroqueversum:
759 2547 877 2610 ibidem
900 2547 949 2631 II,
973 2549 1004 2631 3,
1028 2549 1047 2612 8
1072 2550 1162 2634 (368)
1192 2554 1391 2629 Vtro'queoor··

251 2681 315 2724 sum
338 2662 454 2724 rectum
476 2671 520 2722 est
542 2659 692 2736 inuenirim
714 2677 826 2721 meum:
849 2679 911 2740 quo
933 2679 1026 2722 versu
1041 2658 1225 2725 Priscianus
1241 2681 1316 2724 usus
1331 2657 1392 2723 XV

252 2790 284 2851 p.
310 2769 392 2833 1013
414 2769 469 2851 (76
491 2767 560 2852 Η.).

336 2878 382 2942 In
405 2877 567 2944 Casina.
614 2879 649 2940 11
674 2880 878 2953 efflictim:
915 2877 987 2943 Cas.
1011 2879 1091 2961 prol.
1114 2879 1172 2962 49,
1206 2882 1261 2964 qui
1283 2902 1392 2945 versus

253 2989 299 3052 iia
321 2988 481 3053 scribendi
503 2987 667 3052 videniur:
706 2991 866 3066 Postquam
888 2989 926 3051 e'a
948 2994 1079 3054 adoleuit
1100 2992 1142 3054 dd
1163 3011 1228 3054 eum
1252 3002 1389 3069 aetutem,

254 3099 300 3163 uti
318 3105 391 3164 uiris
413 3101 543 3163 Placere
560 3109 676 3177 posset,
704 3095 769 3161 dum
792 3105 929 3177 puellum
957 3099 1019 3163 illie
1039 3119 1133 3164 senex
1155 3103 1274 3166 Auduit
1295 3105 1393 3178 esttic-

253 3215 315 3282 tim,
339 3212 369 3273 e't
390 3215 458 3274 item
480 3219 589 3274 contro
607 3205 764 3290 sr'iius.**)
808 3206 929 3272 Eadem
951 3209 1059 3294 glossa
1080 3209 1164 3273 redii
1185 3213 1205 3291 ξ
1227 3211 1269 3274 49
1291 3211 1394 3294 peliis

254 3317 424 3382 aPocnuli
446 3317 527 3401 prol.
551 3317 592 3382 96
621 3321 736 3382 Eurum
763 3317 814 3382 tric
836 3323 1012 3384 adulescens
1033 3323 1160 3384 itteram
1183 3322 1320 3397 efflictim
1341 3341 1393 3400 pe-

255 3436 309 3512 rit;
340 3428 425 3508 §60
446 3449 463 3492 e
485 3427 673 3492 Mereatoris
695 3426 742 3511 Π,
776 3428 814 3511 3,
852 3429 909 3492 107
933 3429 1024 3514 (444)
1047 3431 1183 3510 efflictim
1209 3438 1292 3509 perit
1312 3432 1395 3495 'Eius

255 3559 373 3621 umore,
404 3541 423 3620 §
451 3539 509 3604 103
537 3559 575 3602 cx
597 3537 844 3620 Amphitruonis
865 3538 897 3620 I,
924 3540 961 3622 3,
994 3539 1032 3603 19
1055 3540 1146 3625 (517)
1182 3542 1234 3606 Sic
1255 3543 1393 3618 efflictim

255 3652 376 3730 umere,
405 3653 540 3728 proinde
561 3659 594 3712 ut
614 3652 663 3714 tie
685 3662 713 3715 te
734 3651 871 3728 efflictim
894 3651 1022 3728 deperit.
1067 3648 1188 3724 Quibus
1215 3650 1293 3714 locis
1327 3671 1393 3714 non

255 3780 361 3822 rarum
397 3760 539 3836 efflictim
571 3758 685 3823 vilium
722 3759 940 3841 librariorum,
980 3761 1016 3822 ui
1048 3760 1083 3823 in
1115 3759 1176 3824 hoc
1206 3760 1276 3844 ipso
1310 3758 1393 3845 glos·

257 3905 460 3916 ——u—-n—

281 3971 283 3976 ’
321 3967 616 4040 *)01.Μυε.111ι.711ρ.
624 3977 681 4038 582,
693 3970 740 4025 ubi
752 3969 900 4040 disputatis
910 3968 1001 4024 habeo
1011 3973 1105 4026 tamen
1116 3989 1188 4026 nuno
1200 3988 1272 4040 quae
1283 3970 1392 4025 addam.

322 4065 364 4134 *²³1
377 4063 465 4118 Versu
485 4071 496 4116 1
516 4081 550 4121 eu
568 4063 684 4118 ucocasii
701 4080 734 4118 cx
746 4062 942 4117 Ambrosiano:
962 4071 993 4120 ut
1009 4081 1061 4132 pro
1080 4068 1122 4120 uti
1137 4063 1210 4120 idem
1224 4065 1316 4119 serral
1334 4080 1395 4118 cum

256 4155 365 4212 Vetere.
389 4156 422 4211 V.
436 4163 452 4211 2
465 4175 526 4214 eum
539 4156 643 4222 Ambr,
657 4165 686 4213 at
698 4175 760 4214 eum
771 4156 871 4210 Vetus:
889 4158 937 4213 lu'c
948 4173 999 4225 pro
1013 4158 1070 4214 illic
1082 4167 1207 4224 uterque.
1232 4156 1265 4210 V.
1279 4165 1295 4212 3
1313 4159 1396 4214 Amat

138 4319 146 4332 ἱ
255 4253 380 4319 uterque.
406 4248 495 4303 Simili
514 4247 701 4318 discrepantia
717 4249 827 4320 prologi
845 4267 870 4303 v.
890 4255 930 4303 55.
950 4255 982 4302 62
1001 4253 1132 4319 ultepuuit
1150 4251 1179 4304 el
1196 4253 1336 4320 ubieuuuit
1352 4254 1396 4305 esi

255 4343 283 4396 iu
295 4343 404 4410 Vciere,
423 4346 535 4413 adleuut
552 4344 581 4396 ei
599 4345 709 4412 ubleput
725 4343 754 4396 in
766 4343 960 4398 Ambrosiauo.
986 4343 1114 4396 Ceterum
1132 4341 1212 4396 huius
1229 4342 1340 4412 prologi
1357 4343 1396 4397 in-

256 4437 350 4492 sciliae
363 4437 535 4504 aliquantum
554 4437 765 4491 condonandum
785 4439 832 4490 cst.
859 4437 909 4505 [01.
920 4440 1013 4490 tumen
1026 4437 1168 4504 Parergon
1180 4437 1199 4489 t.
1216 4437 1265 4504 lp.
1280 4442 1329 4490 ⁶330
1343 4439 1394 4508 so]

1146 4524 1205 4586 lit*
