3276 5082
536 361 778 412 onossnnrvn
801 361 1014 408 rnnvrmvu.
1295 343 1356 408 237

219 513 342 580 Horum
371 515 468 600 longe
490 515 718 580 usitatissimus
741 516 879 600 primus:
903 513 1039 578 alterum
1062 512 1209 578 inlibris
1232 513 1359 576 circiter

219 626 355 710 triginta
377 627 515 710 repperi,
539 626 670 689 tertium
693 626 729 689 in
751 624 920 689 Vaticanis
943 625 1038 689 2830.
1062 625 1163 706 3871,
1189 621 1358 687 Ottoboni-

219 758 280 800 ano
302 737 397 819 2005,
420 735 645 800 laurentianis
659 734 810 818 xxxvl,
833 736 886 799 42.
902 734 945 799 45
962 755 1087 818 unoque
1101 732 1356 797 vindobonensi.

218 845 321 912 Huius
354 849 461 911 autem
491 846 724 931 discrepantiae
754 867 898 910 caussam
921 844 1114 929 perspicitur
1136 843 1236 907 solam
1259 843 1359 908 Aulu-

219 957 332 1021 lariam
365 956 480 1038 fuisse,
516 979 592 1020 casu
614 956 719 1039 aliquo
741 955 780 1020 de
802 957 898 1020 tertio
920 954 991 1019 loco
1013 957 1152 1034 motam,
1185 954 1359 1038 repositam

221 1070 327 1131 autem
360 1067 453 1131 modo
474 1066 603 1149 ultime,
637 1065 731 1130 modo
754 1067 866 1150 quinto
887 1065 969 1129 loco.
1012 1064 1112 1148 quue
1135 1065 1239 1150 magis
1261 1065 1360 1128 etiam

221 1177 298 1242 hinc
320 1179 471 1261 apparet,
506 1175 590 1260 quod
612 1198 678 1240 non
701 1175 798 1240 semel
820 1178 968 1239 octavum
989 1175 1095 1240 locum
1117 1177 1232 1239 tenens
1255 1196 1293 1239 ea
1314 1175 1361 1239 fa-

222 1288 298 1352 bula
320 1288 366 1350 sic
387 1285 544 1370 inscripta
566 1290 629 1350 est:
652 1293 760 1367 incepit
782 1291 944 1350 Ardrdorr'a
965 1291 1118 1350 comoedia
1141 1291 1246 1363 tertio,
1271 1285 1363 1348 utin

224 1397 397 1462 Harleiano
419 1396 514 1460 2704.
560 1395 745 1480 Singularis
768 1399 875 1460 autem
896 1395 977 1460 haec
999 1399 1086 1477 sunt,
1110 1395 1194 1478 quod
1217 1397 1250 1458 et
1264 1394 1362 1458 Aulu-

224 1507 337 1571 lariam
360 1509 436 1590 post
455 1505 642 1590 Epidicum,
665 1509 698 1570 et
721 1506 938 1572 Cistellariam
959 1509 1035 1570 ante
1057 1504 1208 1588 Captivos
1231 1504 1364 1570 colloca-

224 1620 275 1681 tas
298 1617 481 1681 Marcianus
504 1615 582 1697 XII,
616 1618 654 1680 31
679 1607 785 1699 tenet,
813 1615 1007 1681 llarleianus
1030 1617 1137 1679 autem
1158 1614 1243 1680 2454
1264 1615 1364 1680 Aulu-

225 1727 339 1792 lariam
360 1730 435 1812 post
456 1725 616 1809 Captivos,
641 1725 864 1792 Curculionem
887 1737 960 1811 post
981 1725 1160 1810 Epidicum.

311 1838 362 1901 Ad
384 1837 574 1921 posteriores
598 1847 704 1901 autem
726 1836 789 1901 XII
811 1837 937 1901 fabulas
953 1836 1036 1921 quod
1052 1835 1176 1919 attinet,
1200 1858 1287 1900 nunc
1303 1838 1366 1902 usi-

227 1957 312 2012 tatus
334 1947 426 2030 ordo,
461 1946 574 2030 quiex
598 1945 737 2011 solarum
757 1946 930 2011 initialium
952 1946 1063 2011 ordine
1085 1945 1267 2010 litterarum
1288 1971 1365 2033 pen-

227 2059 290 2142 det,
314 2058 367 2122 vix
389 2067 494 2142 potest
515 2060 656 2121 mutatus
679 2057 742 2120 dici
763 2057 798 2121 in
820 2056 980 2123 Vaticano
1006 2057 1100 2140 1633,
1130 2056 1165 2120 in
1187 2079 1249 2141 quo
1271 2057 1366 2122 Pseu·

228 2169 335 2234 dolum
359 2219 366 2232 .
392 2218 399 2232 .
425 2218 432 2232 .
456 2167 684 2231 Truculentum
707 2167 872 2251 excipiunt
894 2166 1070 2232 Bacchides
1093 2216 1101 2231 .
1126 2216 1134 2230 .
1160 2217 1168 2232 .
1190 2167 1365 2234 Mercator:

228 2301 309 2364 quae
342 2277 476 2362 simplex
509 2277 649 2342 inversio
683 2286 730 2342 est
763 2277 965 2343 dimidiarum
987 2277 1135 2362 partium.
1182 2277 1366 2364 Singularis

229 2390 384 2473 praebent
407 2387 643 2452 Ottobonianus
675 2387 758 2452 2028
790 2397 822 2452 et
856 2389 953 2453 codex
976 2387 1054 2452 Ooll.
1078 2385 1171 2450 Rom.
1194 2389 1225 2452 4.
1250 2388 1285 2454 d.
1309 2390 1366 2454 39:

229 2522 361 2583 quorum
391 2497 445 2562 ille
479 2520 550 2562 eum
573 2497 717 2562 ordinem
739 2499 893 2582 sequitur,
917 2519 1010 2583 quem
1031 2497 1118 2561 infra
1140 2500 1302 2582 posuimus
1324 2498 1366 2584 V,

231 2609 283 2673 hic
316 2632 387 2674 eum
419 2631 512 2692 quem
540 2607 637 2693 lV.*)
682 2607 744 2673 Sed
767 2608 945 2693 antiquiore
968 2611 1072 2672 aetate
1095 2629 1191 2672 unam
1214 2609 1366 2691 fabulam,

231 2719 421 2802 Bacchides,
461 2721 587 2783 constat
618 2718 749 2782 omnino
776 2739 842 2782 non
868 2720 968 2782 luisse
1004 2718 1038 2781 in
1071 2719 1282 2802 posteriorum
1311 2743 1368 2785 nu·

231 2853 332 2912 merc,
367 2850 477 2893 verum
510 2831 545 2892 ut
577 2831 648 2892 erat
680 2839 931 2892 consentaneum
963 2851 1053 2891 suam
1087 2829 1193 2893 sedem
1226 2851 1369 2894 servasse

231 2944 304 3025 post
339 2939 464 3004 fabulas
503 2939 544 3002 ab
578 2944 604 3001 A
635 2938 744 3002 littera
777 2938 988 3023 incipientes:
1027 2938 1065 3002 de
1098 2959 1160 3022 quo
1193 2940 1271 3003 satis
1304 2939 1367 3004 dic·
1387 2947 1416 2998 tx

231 3055 300 3114 tum
322 3049 487 3134 Parergon
510 3049 571 3113 vol.
596 3049 610 3112 Ι
632 3072 664 3132 p.
687 3049 747 3112 391
766 3071 812 3132 sq.
857 3048 998 3132 Eiusque
1020 3047 1140 3111 ordinis
1156 3048 1369 3114 Ambrosiano

232 3161 441 3244 παλιμψήετῳ
478 3180 565 3223 nunc
601 3159 683 3222 alter
712 3159 802 3222 testis
832 3159 956 3246 accedit
982 3157 1129 3241 glossarii
1156 3157 1242 3222 illius
1271 3160 1369 3244 scrip-

232 3269 355 3352 tor**),
393 3269 427 3332 in
461 3269 533 3333 aliis
561 3291 626 3333 non
655 3269 858 3334 mediocriter
883 3269 1068 3351 discrepans
1096 3267 1137 3332 ab
1164 3267 1369 3334 Ambrosiani

301 3535 326 3602 *)
348 3533 474 3589 Priorum
497 3535 560 3588 octo
577 3529 734 3588 fabularum
758 3529 826 3588 ordo
843 3531 873 3586 in
890 3532 988 3587 mentm
1007 3530 1101 3587 codice
1119 3530 1261 3603 discrepat
1278 3549 1296 3588 a
1312 3532 1369 3588 vul·

236 3628 307 3696 gari:
337 3627 522 3697 posteriorum
544 3626 638 3696 plures
660 3643 743 3694 quam
767 3643 836 3693 quas
853 3626 928 3680 infra
945 3625 1103 3695 scripsimus
1120 3627 1218 3681 neuter
1236 3626 1368 3682 continet.

236 3751 267 3761 —
285 3723 397 3777 Persam
415 3722 508 3775 autem
525 3736 599 3789 pone
615 3719 760 3789 Epidicum
779 3719 869 3774 tenuit
887 3718 971 3773 etiam
989 3719 1058 3774 alius
1076 3719 1175 3788 codex,
1194 3719 1269 3776 cuius
1287 3720 1370 3775 hodie

236 3815 291 3868 tria
307 3817 417 3869 tantum
435 3813 598 3868 schedarum
616 3812 696 3882 paria
718 3814 878 3882 supersunt,
909 3812 1101 3882 conglutinata
1123 3830 1157 3867 ea
1175 3829 1192 3867 a
1209 3812 1371 3883 bibliopego

236 3906 383 3962 involucris
411 3906 528 3960 duorum
555 3905 681 3960 codicum
703 3905 934 3960 Terentianomm
960 3905 1146 3960 bibliothecae
1170 3906 1371 3962 Ambrosianus

236 4001 281 4068 (ΙΙ,
299 4007 331 4055 76
349 4001 396 4054 ins.
420 4001 449 4053 et
467 3999 503 4064 ll,
522 4004 555 4053 25
572 3998 631 4064 inf.)
676 3999 797 4062 Quarum
824 3998 988 4053 schedarum
1014 4016 1070 4052 una
1096 4015 1157 4052 cum
1184 3999 1238 4053 fine
1264 3999 1372 4069 Epidici

236 4093 328 4162 ipsum
344 4092 454 4147 initium
472 4091 572 4146 Persae
594 4091 715 4146 exhibet.

304 4187 344 4254 **)
376 4185 523 4256 [Quartum
545 4201 617 4238 nunc
638 4185 725 4242 habes
747 4185 806 4239 eius
829 4184 1019 4240 commentarii
1037 4185 1214 4256 scriptorem,
1243 4187 1371 4255 quentin

237 4278 319 4332 Nonii
341 4277 427 4348 copiis
448 4277 598 4346 indagasse
620 4277 880 4333 Schottmuellerum
904 4296 988 4349 supra
1010 4279 1074 4334 dixi.
1110 4279 1166 4334 Vbi
1183 4279 1236 4333 hoc
1253 4296 1312 4335 rese
1330 4301 1372 4336 or·

239 4370 302 4426 dinc
319 4369 453 4425 tredecim
472 4369 581 4424 fabulae
599 4369 755 4438 Plautinae,
779 4389 895 4438 quarum
914 4371 1025 4442 quidem
1043 4372 1082 4426 ibi
1101 4371 1205 4426 mentio
1224 4371 1267 4439 lit,
1291 4391 1370 4432 exce-
