3300 5102
492 403 563 454 nan
584 401 865 455 annuarursonau
887 399 1093 452 arcemone.
1302 383 1365 450 369

227 559 480 624 Plautiniseh
491 583 528 624 es
551 560 812 644 Glossarium,
836 559 972 625 welches
988 560 1054 623 erst
1068 555 1169 622 durch
1184 555 1255 620 eine
1269 554 1367 620 lbrm-

226 670 308 734 liehe
331 668 550 756 Bearbeitung
572 671 687 736 Werth
715 673 780 737 und
807 672 966 737 Interesse
994 669 1153 756 gewinnt,
1188 691 1230 732 an
1264 667 1367 732 einem

228 783 349 847 andern
372 781 451 847 Orte
472 782 671 868 mitgetheilt
692 783 820 850 werden
845 785 882 868 [s.
906 782 989 847 oben
1011 805 1042 866 p.
1066 781 1129 845 228
1151 779 1209 869 ff.].

311 893 417 958 Ueber
451 893 512 959 den
543 897 650 958 ersten
673 894 817 978 Anhang
846 892 992 958 hemerkt
1024 893 1074 957 die
1100 890 1276 958 Collation:
1302 889 1368 956 ‘Se-

227 981 334 1089 quitur
362 1003 415 1068 hic
442 1004 477 1068 in
506 1006 612 1069 codice
638 1005 915 1069 Halberstadiensi
943 1004 1064 1090 pagina
1086 1025 1125 1067 ex
1146 1002 1244 1067 variis
1267 1008 1303 1067 ut
1324 1002 1369 1066 vi-

228 1105 328 1180 detur¹
341 1117 541 1200 argumentis
562 1137 699 1201 corrasa,
723 1116 838 1201 quibus
861 1137 952 1180 suum
976 1116 1087 1200 cuique
1108 1114 1214 1180 locum
1229 1115 1369 1179 tribuere

227 1248 325 1312 usque
362 1226 440 1290 adeo
469 1249 535 1291 non
571 1227 671 1311 potui.
720 1226 822 1291 Adest
857 1228 967 1290 eadem
1003 1227 1038 1290 in
1074 1221 1213 1291 editione
1243 1223 1370 1310 Brylin-

228 1337 326 1422 gisna
349 1335 461 1422 (Basil.
482 1337 588 1422 1554),
612 1360 707 1422 quam
723 1338 914 1422 comparavi.
954 1336 1104 1402 Krehlius
1127 1336 1209 1402 nihil
1225 1336 1368 1401 adnotat.

228 1447 277 1510 Ex
309 1447 424 1512 Plauto
457 1447 520 1534 hos¹
544 1449 629 1512 locos
661 1449 775 1513 citatos
803 1449 848 1512 ibi
878 1447 988 1513 inveni
1011 1498 1019 1511 .
1045 1497 1052 1511 .
1078 1456 1099 1511 .'
1134 1448 1181 1533 (cs
1215 1447 1286 1512 sind
1319 1447 1370 1511 die

231 1558 342 1623 beiden
375 1557 426 1622 bei
459 1557 605 1623 Priscian
627 1557 674 1622 Vl
696 1581 728 1643 p.
752 1559 815 1623 699
841 1557 877 1623 Ρ.
902 1557 976 1645 [235
1003 1557 1059 1646 Η.]
1090 1558 1266 1623 stehenden
1291 1556 1370 1622 Stel-

229 1670 281 1732 len
309 1691 365 1733 aus
392 1667 558 1734 Vidularia
590 1668 654 1733 und
683 1668 840 1754 ltndens).
863 1707 905 1717 —
926 1668 1033 1734 Uebcr
1060 1669 1121 1734 den
1143 1668 1258 1756 Zusata
1286 1668 1371 1732 nach

229 1780 300 1844 dem
331 1778 432 1844 elften
459 1779 569 1844 Buche
597 1779 691 1844 theilt
725 1779 863 1845 dieselbe
891 1779 1050 1846 Collation
1078 1780 1257 1866 Fulgendes
1294 1779 1369 1843 mit:

230 1893 293 1956 ‘Ad
330 1890 450 1955 calcem
483 1889 575 1955 huius
607 1890 681 1956 libn'
715 1891 812 1956 codex
845 1891 942 1956 Halb.
977 1891 1102 1956 adnexa
1130 1890 1286 1976 quaedam
1315 1890 1371 1954 ha-

230 2003 283 2066 bet
305 2003 412 2067 neseio
441 2023 503 2088 quo
532 2024 548 2066 e
575 2003 785 2088 grammatico
813 1989 963 2087 eicerpta
998 2003 1036 2067 de
1064 2003 1262 2098 pronomine.
1307 2001 1370 2065 Ex-

230 2117 331 2180 trema
364 2114 456 2178 huius
485 2115 585 2178 assuti
615 2113 716 2199 panni
731 2087 857 2196 herba,
886 2135 966 2198 quae
988 2115 1026 2178 de
1048 2113 1207 2199 particula
1236 2119 1370 2194 equidem

230 2228 348 2308 agunt,
382 2224 448 2288 fere
471 2225 646 2288 concinunt
678 2247 750 2288 cum
777 2225 817 2288 iis
849 2246 929 2309 quae
951 2223 1136 2290 Priscianus
1168 2225 1203 2287 in
1230 2223 1294 2288 fine
1316 2244 1372 2287 no·

231 2334 349 2400 vissimi
383 2335 456 2399 libri
489 2337 681 2419 pertractat,
714 2337 858 2420 quamvis
893 2334 948 2400 hic
984 2337 1026 2400 sit
1052 2335 1170 2421 -paullo
1206 2334 1369 2420 prolixior.
1439 2403 1446 2422 .

230 2445 321 2530 Loci,
352 2447 406 2531 qui
429 2468 467 2510 ex
490 2447 626 2514 scenicis
647 2446 758 2510 latinis
779 2447 994 2531 proferuntur,
1017 2445 1165 2511 bisunt:
1196 2449 1316 2511 Terent.
1341 2452 1371 2510 ia

230 2563 376 2623 eunucho.
423 2563 501 2633 Ouid
533 2564 619 2637 uiroc
651 2564 721 2623 cuia
754 2570 808 2622 est.
837 2596 879 2605 -
904 2563 1037 2624 Plautus.
1071 2563 1122 2623 lu'c
1156 2564 1250 2624 cuius.
1285 2561 1373 2623 cuius

230 2675 348 2734 cuiatis.
372 2674 584 2733 declinantia
607 2673 755 2734 bacchidib.
799 2673 868 2734 Scio
895 2675 1033 2749 spiritum
1060 2675 1124 2734 eius
1144 2676 1288 2734 maiorem
1310 2689 1373 2733 esse

231 2785 323 2844 multo
350 2801 441 2859 quum
470 2783 562 2857 folles
591 2786 707 2844 taurini
732 2785 874 2844 babeant.
913 2787 1137 2859 praenestinum
1175 2786 1282 2859 opinor
1309 2800 1373 2843 esse

232 2897 275 2954 ita
297 2901 365 2954 erat
376 2896 549 2970 oloriosus!
565 2929 606 2938 —
621 2888 706 2956 chi
720 2889 854 2955 Wiener
868 2889 1123 2955 Handsehriften
1145 2889 1199 2954 des
1214 2889 1371 2971 Priscian,

232 2999 282 3064 die
314 3000 368 3065 ioh
401 3000 528 3085 einsah,
557 3001 615 3066 Nr.
644 3002 706 3067 347
735 3001 801 3064 und
829 3001 891 3066 348
919 3001 973 3064 des
1003 2999 1286 3065 Endlicher'schen
1309 2999 1372 3063 Ka-

232 3110 348 3196 talogs‚
372 3111 471 3176 boten
492 3111 563 3176 hier
583 3111 736 3176 keinerlei
752 3111 883 3196 Zusatz;
905 3112 1053 3198 dagegen
1074 3111 1243 3176 fandsich
1263 3111 1297 3176 in
1312 3109 1369 3174 Nr.

232 3221 294 3285 349
315 3223 372 3286 das
394 3223 632 3288 nachstehende
654 3222 769 3289 Sttlck:

299 3351 446 3430 Primitiua
472 3377 535 3431 sunt
556 3381 700 3447 pronora,
725 3379 788 3432 octo
807 3407 813 3419 ·
837 3375 987 3432 dinastiae
1012 3377 1086 3448 lepte
1104 3405 1111 3418 ·
1128 3375 1189 3446 Ego
1208 3406 1213 3417 ·
1232 3377 1264 3431 tu
1282 3405 1288 3417 ·
1307 3376 1347 3430 lui
1366 3402 1372 3418 ·

233 3477 304 3532 ille·
328 3478 385 3548 ipl'e
405 3506 412 3518 ·
434 3479 484 3534 ilte
503 3507 509 3520 ·
531 3479 577 3534 hic
595 3509 600 3521 ·
618 3479 664 3533 il·
687 3481 786 3535 meus·
808 3481 893 3535 tunl-
917 3481 1000 3535 sunl.
1018 3499 1076 3534 nr·
1100 3499 1132 3535 ur
1156 3509 1161 3520 ·
1185 3478 1370 3534 aral-uras·

234 3599 268 3634 ou
292 3601 460 3652 nnnnnocoy
486 3601 524 3636 ua
549 3599 639 3638 nanno
659 3613 665 3626 ·
684 3583 719 3656 qs
732 3611 738 3624 ·
757 3579 948 3655 orcya‘cnoepw
966 3586 1135 3639 lutnarnrou
1155 3613 1161 3624 ·
1181 3582 1228 3651 qui
1246 3610 1252 3623 ·
1271 3579 1370 3651 aopic·

234 3699 286 3738 rou
306 3715 311 3726 ·
336 3665 389 3756 dlis
405 3715 410 3726 ·
433 3704 506 3742 noro
523 3705 563 3741 nn
582 3704 633 3740 roc
653 3713 659 3726 ·
678 3684 757 3740 ranis
771 3715 777 3728 ·
796 3702 920 3741 aurarum
940 3717 946 3728 ·
964 3702 1092 3742 aorouorr
1112 3713 1118 3726 ·
1136 3685 1257 3755 quantus
1271 3713 1278 3724 ·
1295 3703 1369 3741 noco

234 3793 270 3831 rn
288 3798 338 3834 roc
357 3807 364 3822 ·
384 3780 483 3836 rantur
498 3809 504 3822 ·
523 3782 591 3850 quot
609 3810 615 3822 ·
639 3795 814 3851 apianoyror
833 3811 838 3822 ·
858 3781 964 3848 Quotus
974 3811 979 3823 ·
992 3796 1114 3836 occanoc
1126 3808 1132 3821 ·
1145 3779 1247 3847 quotus
1256 3807 1262 3820 ·
1274 3779 1370 3834 uenit·

234 3892 343 3931 aunuoc
357 3893 424 3928 roc·
438 3876 532 3930 rotul-
544 3893 623 3932 sarra
635 3891 753 3931 rrrccnn
767 3895 805 3930 rw
819 3895 907 3946 nynra
919 3893 1075 3932 cenonrcnu
1090 3905 1095 3918 ·
1108 3876 1134 3931 ei
1147 3903 1153 3918 ·
1166 3893 1213 3930 nar
1227 3901 1233 3916 ·
1246 3891 1287 3928 ει.
1301 3891 1369 3929 caue
1388 3886 1436 3936 31¹1

234 3986 387 4024 onouara·
411 3969 488 4024 cuius
503 3999 509 4011 ·
529 3969 590 4025 arria
608 3999 614 4012 ·
632 3969 879 4026 cuibuororruroc
898 3991 933 4025 na
958 3989 1034 4027 naon
1057 3989 1143 4025 umor
1162 3999 1168 4012 ·
1186 3967 1288 4039 Uirgi·
1307 3969 1368 4024 cuin

233 4063 339 4133 pecul·
358 4063 505 4118 Terentius
523 4063 677 4121 ineunuoho
697 4094 703 4106 ·
738 4063 810 4129 Quid
830 4065 911 4136 uirgo
935 4065 997 4140 cuia
1014 4073 1028 4120 ὁ
1045 4093 1051 4106 ·
1067 4065 1181 4135 plautus
1190 4091 1196 4104 ·
1214 4063 1260 4118 bic
1278 4062 1353 4118 cuias
1362 4092 1368 4104 ·

233 4165 315 4220 huius
329 4165 429 4220 ouans
444 4165 595 4221 reomaus
611 4166 807 4222 iuuandum
821 4167 874 4222 ruo
892 4167 989 4238 spana
1002 4165 1175 4222 eumuna
1194 4137 1248 4222 -εΐ
1258 4193 1264 4206 ·
1282 4165 1370 4220 mna

234 4274 288 4336 qud
309 4267 389 4323 lollel
410 4267 513 4323 taurini
536 4269 661 4324 habeant
678 4271 801 4341 fineltinu
821 4270 921 4341 opinor
939 4243 1008 4326 hd·
1026 4269 1067 4324 ita
1085 4268 1139 4324 erit
1156 4269 1252 4339 glosas
1259 4299 1265 4310 ·
1294 4267 1369 4336 Euda

235 4361 391 4417 coniunctio
410 4369 462 4417 ·e·
485 4364 514 4417 et
530 4381 586 4418 non
605 4364 757 4434 compulita
774 4364 810 4419 ab
829 4381 861 4419 co
879 4365 918 4433 qd
936 4369 987 4417 αἱ,
1017 4363 1078 4434 Ego
1096 4364 1227 4433 quidem·
1245 4362 1373 4432 quamuis

234 4455 275 4510 ita
291 4457 345 4512 elle
363 4455 477 4525 quidam
494 4457 682 4528 putauerunt·
701 4457 747 4513 led
765 4458 856 4513 male·
891 4457 963 4512 Nam
982 4457 1109 4526 equidem
1127 4458 1198 4512 l'acio
1217 4485 1223 4498 ·
1241 4455 1369 4526 equidem

285 4579 329 4616 aa.
349 4579 513 4616 urracham
533 4578 676 4617 orvacrar
695 4579 727 4616 11.
1122 4543 1164 4609 24
