3300 5102
501 367 547 414 as
570 363 684 413 roam
707 353 852 411 ‘nunu’
876 359 977 409 vams
1000 357 1129 408 sonan.
1274 349 1277 353 ’
1318 339 1381 404 379

247 523 281 587 in
311 545 409 586 rmum
441 521 644 604 Esquilinum
677 540 824 603 eampum
861 514 1045 582 ducentium
1061 511 1063 516 ’
1077 512 1283 576 manifestum
1320 510 1380 574 sihi
1418 599 1422 607 .

246 633 416 718 vestigium
438 633 523 697 visus
547 635 616 696 erat
638 631 671 695 in
694 627 923 715 Porphyrionis
945 626 985 690 ad
1000 625 1128 690 Horatii
1150 622 1252 708 Epod.
1277 622 1381 686 verbis

243 745 413 829 indagare:
436 751 467 809 la
491 751 615 823 replere
637 749 766 823 cyperis,
791 749 926 820 quaeest
940 749 1031 803 aetra
1049 747 1169 818 portes
1183 739 1378 814 Esquilinus,

243 863 330 921 sollte
349 861 447 935 salsae
466 877 637 937 pauperum
666 874 799 933 corpora
829 859 875 917 ael
903 855 1040 916 temtari
1061 856 1107 912 ael
1125 853 1232 928 pretet.
1278 845 1380 920 Quam
1401 854 1424 901 ll

243 971 352 1032 tamen
374 967 565 1050 scripturam
588 966 671 1030 ualle
693 964 822 1048 petierit
837 963 954 1046 nescia,
980 983 1051 1024 curn
1065 960 1100 1023 in
1116 983 1163 1042 ca,
1187 980 1268 1042 quae
1288 956 1380 1020 nobis

243 1079 278 1142 in
305 1081 454 1163 promptu
477 1080 540 1160 est,
576 1076 767 1141 scholiorum
794 1075 933 1139 editione
955 1073 1090 1155 recture,
1125 1073 1161 1133 at
1188 1069 1222 1132 in
1251 1067 1380 1152 reliquis

242 1189 354 1254 horum
376 1189 621 1254 scholiastarum
642 1188 719 1251 locis
738 1186 896 1268 omnibuS,
920 1183 1076 1268 singulari
1099 1202 1231 1244 numero
1253 1179 1397 1263 legatur·

238 1311 360 1380 portem
389 1304 587 1380 Esquilinam.
634 1295 752 1385 [partas
780 1303 952 1378 Esquilinas·
983 1294 1073 1358 video
1100 1295 1209 1356 tamen
1231 1312 1316 1354 nunc
1340 1290 1380 1354 ah

242 1410 416 1474 Hauthalio
446 1411 565 1475 editum
588 1433 604 1474 e
628 1408 812 1493 codicibus]
858 1408 978 1472 Uentre
1012 1406 1092 1469 miro
1127 1403 1220 1467 modo
1252 1423 1380 1465 securus

241 1521 326 1585 idem
354 1521 408 1586 ille
435 1520 533 1586 Pialis
556 1523 594 1586 de
622 1521 811 1606 gravissimo
833 1519 970 1603 quodam
993 1518 1182 1601 argumente
1204 1513 1283 1594 fuit,
1319 1534 1381 1594 quo

243 1633 393 1696 adversus
422 1654 490 1716 eos,
521 1634 574 1717 qui
607 1655 672 1696 nou
700 1632 827 1696 differre
850 1629 890 1694 ab
912 1628 1081 1713 Esquilina
1103 1625 1288 1690 Plautinum
1309 1644 1380 1706 por-

242 1746 307 1806 tam
330 1743 601 1827 existimaverant,
625 1744 688 1808 iam
704 1741 865 1807 Nardinus
888 1763 962 1806 usus
986 1741 1065 1822 erat,
1090 1735 1251 1802 commode
1274 1736 1380 1796 autem

241 1853 288 1916 uti
315 1853 463 1938 Nibbyus
491 1855 606 1938 potuit.
651 1853 712 1928 Qui
741 1875 811 1918 eum
839 1852 934 1916 unius
961 1850 1148 1934 Esquilinae
1176 1849 1287 1931 portae
1309 1865 1379 1927 pro-

239 1964 310 2049 pria
337 1965 436 2028 fuisse
465 1965 611 2049 sepulcra
639 1967 789 2050 negaret,
819 1963 962 2048 negabat
984 1963 1067 2047 quod
1089 1981 1148 2024 nee
1172 1956 1381 2023 contenderat
1469 2035 1485 2054 Ι

239 2077 413 2160 quisquam‘
439 2097 498 2140 nec
526 2077 632 2161 potuit
660 2075 851 2140 contendere
878 2075 914 2138 in
941 2077 1033 2138 tanta
1057 2071 1273 2156 exemplorum
1301 2067 1380 2130 rnul-

243 2185 395 2250 titudiuc:
435 2187 637 2271 pauperculis
665 2188 750 2251 enim
779 2185 969 2269 sepeliendis
997 2188 1029 2249 et
1057 2185 1167 2249 infimo
1196 2181 1266 2246 loeo
1294 2179 1379 2242 natis

240 2296 437 2362 destinatum
460 2320 608 2383 eampum
630 2297 833 2382 Esquilinum
855 2297 1012 2362 dixerant.
1055 2295 1099 2359 Ea
1122 2305 1229 2360 tamen
1252 2319 1289 2360 ea
1311 2290 1380 2376 ipsa

240 2429 335 2493 quam
357 2409 571 2494 impugnabat
599 2393 760 2473 sententia
787 2409 865 2472 adeo
888 2407 954 2472 cius
976 2406 1077 2471 menti
1099 2405 1274 2472 inhaesisse
1297 2407 1379 2472 uide-

238 2521 307 2603 tur,
342 2524 378 2584 ut
405 2519 490 2585 hanc
517 2519 718 2604 potissimum
745 2520 785 2584 ob
815 2541 958 2584 caussam
986 2519 1095 2603 (quam
1123 2519 1209 2582 enim
1230 2517 1381 2584 habuerit

240 2630 372 2716 aliaml)
407 2653 472 2695 non
501 2631 647 2714 auderet,
681 2653 776 2716 quarn
808 2631 849 2694 ab
872 2630 1039 2714 Esquilina
1066 2630 1137 2714 ipsa
1165 2629 1378 2713 discernebat,

240 2741 372 2804 eantlem
394 2746 521 2826 portam
543 2741 675 2807 Metiam
698 2742 830 2806 ctiam‘a
847 2741 966 2806 vicinia
987 2740 1174 2825 Esquilinae
1197 2763 1378 2827 segregare.

239 2851 327 2916 Nihil
356 2857 464 2917 tamen
493 2852 606 2918 hormn
634 2852 775 2917 omnium
803 2852 985 2917 doctissimo
1014 2851 1200 2918 Furlanetto
1229 2853 1377 2936 suboluit,

239 2965 291 3046 qui
321 2963 547 3028 additamentis
577 2964 617 3028 ad
645 2963 815 3058 Foreellipi
842 2962 981 3028 Lexicon
1009 2969 1134 3028 Mettum
1162 2963 1244 3027 dixit
1265 2969 1380 3028 Romae

234 3087 358 3152 portem
380 3081 460 3139 luter
482 3080 668 3155 Esquilinam
690 3089 718 3140 et
742 3080 1013 3154 Querquetulanum
1037 3075 1148 3156 sitam,
1178 3075 1271 3158 idque
1301 3073 1379 3138 Nib-

240 3182 336 3266 byum
351 3186 604 3250 demonstrasse:
627 3187 742 3250 utiam
763 3185 937 3250 verendum
959 3185 1001 3250 sit
1022 3209 1063 3250 ne
1085 3185 1182 3250 latius
1205 3208 1293 3251 error
1315 3209 1377 3250 ser-

240 3298 305 3376 pat.
338 3295 458 3361 eontra
479 3295 602 3362 Pialem
625 3300 731 3362 autem
753 3298 837 3382 quod
859 3297 995 3361 diximus
1011 3295 1185 3384 Nardini*)
1208 3319 1377 3382 argumen-

239 3407 307 3468 tum
329 3406 450 3489 valere,
479 3407 511 3472 id
535 3408 574 3471 ad
597 3407 808 3474 Cleostratam
829 3408 1013 3472 Plautiuam
1036 3412 1177 3494 spectat,
1212 3409 1300 3474 cuius
1323 3411 1377 3475 ille

239 3516 370 3598 negavit
392 3539 462 3581 eam
485 3518 705 3584 condicionem
726 3519 834 3604 fuisse,
859 3523 895 3582 ut
915 3541 986 3584 curn
1009 3520 1201 3605 pauperihus
1224 3523 1257 3584 et
1278 3522 1377 3586 servis

242 3712 442 3725 Ἦ-
459 3723 461 3728 ,

307 3839 332 3906 *)
350 3840 392 3896 Lo
410 3840 513 3910 Mello,
532 3841 585 3910 ait,
604 3845 635 3901 dt
651 3849 699 3902 cal
715 3845 792 3903 ellsse
811 3845 913 3903 Plauto
932 3847 1006 3902 nella
1026 3845 1147 3904 Casina:
1175 3846 1260 3904 Illam
1279 3847 1378 3915 edepol

239 3949 262 3988 e.
283 3949 308 4000 q.
329 3951 360 4000 s,
385 3937 422 3991 tle
444 3939 496 3994 elle
518 3945 682 4007 aeramenta
706 3941 727 3995 tt
747 3941 889 3998 Peumata
911 3957 992 3998 esser
1014 3947 1090 3997 slata
1107 3942 1135 3998 la
1154 3943 1305 3998 merissima
1323 3958 1376 3998 eoa

238 4028 426 4098 l'Esqalllmu
460 4050 505 4087 mo
530 4031 687 4090 Cleostrata
710 4051 766 4090 reon
789 4052 841 4090 era
857 4051 977 4102 pavero,
1008 4035 1102 4102 dero
1120 4053 1187 4093 cosa
1206 4042 1289 4092 resuta
1307 4037 1375 4091 l'olr-

239 4123 373 4190 bellatore
391 4126 556 4182 {cadaveri
574 4131 626 4195 pla
647 4129 730 4198 satori
751 4129 813 4184 dell'
838 4129 911 4184 altre
933 4135 1029 4196 perte,
1052 4128 1104 4184 elic
1127 4129 1190 4184 ‹lell'
1214 4130 1375 4197 Esquilino,

157 4205 158 4208 ’
240 4215 308 4272 deae
326 4219 386 4273 selo
402 4223 564 4286 aettaaanst
581 4220 653 4276 aelle
670 4221 809 4278 Pullcule.
837 4221 878 4274 Aa
895 4220 929 4275 de
947 4219 1077 4289 puticulis
1096 4219 1206 4287 quidem
1225 4219 1294 4274 mire
1313 4239 1376 4276 cum

238 4305 338 4361 fefellit
356 4307 461 4378 opinio:
486 4311 561 4378 quod
578 4329 634 4368 non
652 4314 696 4368 est
712 4313 791 4368 huius
809 4313 864 4386 loci
881 4311 995 4368 ulterim
1013 4311 1150 4382 persequi.
1185 4311 1263 4377 Quod
1283 4315 1376 4374 autem

239 4399 273 4459 de
293 4401 448 4460 cremandis
467 4403 650 4462 cadaveribus
668 4406 744 4476 dicit,
764 4407 798 4463 de
816 4423 849 4464 eo
867 4423 980 4478 prorsus
997 4424 1053 4463 non
1072 4407 1188 4462 constat.
