3302 5096
589 373 805 434 rasmoovra
828 371 1015 421 ranvrma.
1308 351 1372 418 mo

234 531 374 609 Quorum
402 531 507 616 priore
534 531 598 595 ian'r
625 529 827 615 intellegitur
854 550 914 594 nec
941 527 1044 592 fulcro
1073 523 1322 610 ‘paragogicae'
1352 530 1374 588 d

233 643 360 708 litterae
382 663 461 727 opus
484 664 552 706 esse
574 663 635 706 nec
657 640 833 726 praemissa
855 639 896 704 ab
912 637 1100 702 Hermanno
1115 644 1175 702 iam
1197 633 1372 721 porticula:

233 774 294 818 nec
315 754 420 839 magis
441 775 488 818 mc
509 751 697 837 pronomine
718 752 754 816 in
776 749 962 836 posteriore,
985 748 1067 834 quod
1090 752 1123 812 et
1136 749 1264 832 praeter
1277 744 1373 811 fidem

234 864 388 928 librorum
410 868 442 929 et
463 886 506 929 ne
527 865 597 929 loco
619 862 747 948 quidem
769 883 826 926 suo
848 860 990 924 additum
1013 861 1062 924 est
1084 881 1103 923 a
1126 858 1319 924 (temerario

301 973 363 1056 ‚Et
384 973 463 1040 haec
484 974 613 1060 quidem
640 973 778 1059 quinque
807 969 952 1056 exempla
982 973 1068 1035 certa
1096 991 1164 1034 esse
1186 967 1375 1054 pronuntia·

234 1106 315 1149 mue.
360 1084 411 1149 Ad
445 1107 577 1170 quorum
609 1084 851 1149 similitudinem
883 1081 1020 1146 fortasse
1051 1080 1163 1145 licebit
1195 1081 1234 1144 de
1261 1079 1374 1164 quinto

235 1195 405 1280 suspicari,
441 1197 468 1260 si
497 1196 590 1260 modo
618 1217 681 1260 non
712 1194 847 1258 nimium
876 1192 1035 1258 videbitur
1063 1191 1308 1276 Amphitruonis
1330 1188 1373 1274 Il,

194 1349 207 1362 -
235 1305 266 1388 2,
292 1305 332 1370 74
356 1303 443 1393 [706]
470 1307 567 1370 verba
595 1319 628 1370 ut
643 1312 701 1387 pol
727 1313 799 1386 quin
827 1317 913 1370 certa
941 1326 990 1368 res
1018 1307 1108 1367 Hunc
1136 1313 1179 1367 est
1212 1307 1376 1381 obtorqurc

236 1437 315 1494 quae
340 1438 388 1480 me
414 1423 505 1482 bodie
539 1421 746 1482 advenientem
780 1423 898 1482 domam
927 1419 1066 1479 Noluerit
1092 1418 1230 1490 salutare
1258 1412 1307 1476 vel
1335 1411 1376 1474 ad

236 1525 322 1592 hanc
344 1527 482 1611 speciem
503 1550 667 1592 revocare:

886 1671 918 1727 at
939 1669 991 1745 pol
1014 1667 1087 1744 quin
1109 1669 1190 1725 certa
1212 1667 1274 1725 rest

320 1753 407 1814 thc
430 1756 614 1834 obiurigare,
645 1775 720 1832 quac
743 1754 811 1814 mod
833 1754 923 1813 bodie
946 1753 1154 1812 advenientem
1176 1751 1299 1810 domum
1319 1770 1375 1808 -ε

237 1883 287 1949 vel
310 1887 407 1951 etiam
429 1887 605 1972 simplicius
628 1888 668 1950 ad
689 1885 789 1951 hanc:
812 1897 896 1951 certa
911 1907 960 1949 res
975 1889 1064 1949 Hunc
1079 1889 1280 1962 obiuriyarest
1300 1903 1378 1962 qaae
1436 1944 1438 1950 ,

237 2002 306 2061 med
333 2019 359 2061 e.
383 2020 414 2082 q.
438 1999 503 2080 s.*)
531 1998 710 2063 Memorato
739 1997 852 2061 saltem
879 2019 946 2060 non
968 1995 1138 2080 indignum
1160 1991 1314 2078 estquod
1335 2015 1376 2057 ne

237 2105 290 2171 hic
317 2109 444 2192 quidem
472 2109 604 2192 planum
633 2113 665 2172 et
693 2107 827 2192 simplex
856 2107 988 2171 verbum
1016 2105 1111 2190 plane
1134 2108 1167 2170 et
1189 2104 1378 2188 simpliciter

238 2218 393 2302 scriptum
415 2218 517 2283 Vetus
541 2219 638 2284 codex
661 2218 808 2302 exhibet,
832 2217 888 2282 sed
911 2221 1091 2282 correctura
1114 2218 1241 2282 demum
1262 2236 1376 2279 manus

238 2327 395 2393 secundae
424 2334 480 2393 aut
502 2351 541 2394 ex
564 2335 704 2395 oberrare
732 2332 787 2394 aut
815 2350 853 2392 ex
876 2334 1020 2406 abrupere
1042 2328 1198 2392 effectum.
1244 2325 1293 2390 De
1315 2347 1377 2412 quo

236 2443 347 2504 tamen
369 2442 405 2504 ut
428 2462 500 2504 cam
522 2441 723 2506 dubitatione
745 2439 973 2524 existimemus,
996 2439 1075 2504 illud
1094 2461 1153 2504 nos
1173 2441 1280 2503 movet
1295 2438 1377 2522 quod

239 2551 374 2615 eundem
402 2550 569 2636 Plautum,
606 2555 718 2616 contra
751 2553 847 2636 atque
875 2552 909 2615 in
938 2549 1095 2614 similibus
1130 2550 1257 2614 evenire
1285 2548 1376 2632 solet,

240 2665 360 2725 certum
389 2664 438 2725 est
464 2683 530 2726 non
558 2663 738 2726 constitisse
766 2663 827 2727 sibi
856 2661 950 2726 aurius
977 2662 1099 2726 formae
1126 2682 1201 2744 usu,
1231 2662 1286 2724 sed
1307 2681 1377 2744 pro·

238 2772 359 2836 misene
382 2777 548 2857 atramque
575 2773 727 2857 posuisse.
772 2771 842 2837 Nec
863 2773 949 2836 enim
976 2771 1042 2837 ullo
1063 2776 1158 2856 pacto
1181 2770 1278 2836 dubia
1300 2775 1377 2835 sunt
1394 2792 1443 2842 vm

240 2885 425 2947 contractae
447 2883 608 2968 exempla,
637 2884 699 2947 nisi
722 2882 806 2969 quod
827 2905 885 2948 nos
907 2884 1008 2969 fugit,
1037 2884 1114 2946 item
1138 2883 1277 2967 quinque
1300 2883 1376 2947 Our-

241 2993 375 3057 culionis
397 2991 425 3076 I,
447 2995 479 3076 3,
505 2995 545 3058 15
568 2993 671 3083 [l'll],
696 2993 883 3058 Mercatoris
905 2994 953 3078 II,
977 2995 1014 3077 2,
1038 2993 1090 3058 49.
1113 2993 1156 3059 50
1179 2991 1265 3081 [321.
1289 2989 1376 3082 322],

239 3102 418 3168 Trinummi
440 3103 513 3169 680.
538 3105 593 3168 96:

323 3245 415 3305 Recte
438 3247 593 3324 obimgat:
618 3251 688 3308 stac
710 3249 790 3307 haud
814 3248 1014 3392 ᾳιιίοᾳυὲωεὺ,
1037 3247 1133 3325 megis
1157 3245 1237 3324 qnod
1260 3248 1378 3324 cupiam

845 3353 906 3392 lam
949 3354 990 3391 lu.

323 3415 369 3476 Ne
392 3421 432 3477 sis
455 3438 502 3476 me
525 3418 664 3496 obiurga:
687 3419 744 3478 boc
765 3420 825 3478 non
847 3420 987 3478 voluntas
1009 3439 1056 3478 mc
1078 3419 1201 3495 inpulit.

326 3501 404 3572 Quin
426 3502 486 3562 non
509 3504 645 3582 obiurgc.
689 3505 733 3562 At
754 3508 792 3562 ne
815 3505 992 3564 deteriorem
1014 3509 1115 3564 tumen
1136 3538 1187 3562 -.

325 3586 385 3646 sed
407 3591 441 3647 tu
463 3589 625 3668 obiurgans
648 3611 695 3649 me
716 3592 734 3648 b
756 3590 886 3665 peccetis
907 3591 989 3664 rbpis
1012 3590 1189 3650 deteriorem
1213 3593 1245 3648 tn
1267 3590 1356 3650 viam.

326 3671 358 3730 Si
380 3673 412 3730 id
434 3673 494 3732 non
516 3695 563 3733 me
586 3695 715 3750 accusaS,
737 3678 804 3734 tute
827 3675 1051 3752 obiurgandus·
1090 3675 1166 3734 Scio

240 3801 325 3867 Nam
346 3802 460 3868 borum
481 3806 630 3872 ultimum
652 3807 857 3892 quantumiis
877 3807 1017 3892 proclive
1032 3807 1130 3871 fuerit
1144 3807 1190 3872 sie
1205 3807 1379 3872 terminare

241 3925 305 3978 tate
326 3914 389 3997 (vel
411 3917 533 4002 tuipse)
558 3924 776 3998 obiumqaadas
797 3941 838 3998 es,
863 3921 973 3982 tamen
994 3921 1064 3983 Scio
1086 3940 1163 3982 voce
1185 3918 1222 3982 in
1241 3917 1378 4002 proximi

308 4139 333 4207 *)
354 4137 424 4210 [Hos
441 4155 536 4194 versus
553 4155 626 4195 nunc
644 4136 689 4194 vix
712 4137 809 4196 dubito
833 4140 899 4208 quin
921 4139 1022 4195 rectius
1041 4139 1234 4195 Fleckeisenus
1252 4140 1379 4194 tractarit

242 4229 271 4283 in
287 4229 416 4287 Miscellis
435 4231 536 4286 criticis
555 4233 675 4302 (Lipsiae
694 4233 775 4288 oditis
793 4251 818 4288 a.
839 4237 915 4304 1864)
933 4253 960 4304 p.
975 4243 1015 4302 32,
1033 4234 1081 4288 ubi
1098 4235 1169 4288 tales
1188 4233 1345 4288 constituit:

996 4357 1027 4409 at
1043 4354 1090 4424 pol
1109 4353 1156 4421 qai
1174 4355 1312 4408 certares

308 4417 387 4474 Hanc
405 4423 447 4475 est
466 4421 623 4490 obiurgare,
641 4439 715 4492 quae
732 4437 776 4476 me
793 4423 909 4479 bocedic
921 4422 1115 4478 advenientem
1133 4422 1245 4476 domum
1258 4423 1310 4492 -.]
