3300 5102
271 363 335 427 414
583 384 630 430 nn
652 383 868 434 Anuvnnuro
891 386 1110 436 aeuosmcno

270 534 329 598 bus
357 534 423 620 legi
451 536 597 601 audierit.
642 536 742 613 Quem
771 539 910 623 primum
938 540 984 605 sic
1017 541 1171 624 pervertit
1197 540 1349 626 Pylades:
1382 547 1416 604 id

271 651 342 710 dum
369 667 472 712 seruus
498 653 572 712 hero
600 658 730 734 amanti,
758 650 805 713 ita
836 654 941 714 autem
964 654 1000 714 ut
1021 673 1108 716 nuno
1129 650 1280 736 vulgatur
1303 650 1414 716 Came·

269 755 373 821 rarius
390 758 509 822 constit
534 759 567 822 't.
583 797 626 809 -
638 759 746 825 Tertio
761 782 854 825 versu
869 783 941 825 cum
956 761 991 826 in
1006 760 1136 846 reliquis
1152 761 1243 826 libris
1259 762 1413 846 seriptum

269 866 311 930 eit
338 875 420 948 ipsus
445 881 569 953 captus,
599 869 633 934 in
657 870 773 935 Vetere
802 875 924 956 autem,
960 894 1151 957 quamquam
1179 894 1196 937 e
1222 876 1412 954 correctura,

268 983 351 1058 ipsus
377 992 513 1064 captust,
547 1003 609 1066 quo
637 981 805 1047 Decurtati
837 1003 960 1068 quoque
990 984 1149 1065 scriptura
1177 987 1302 1067 spectat
1333 990 1415 1065 epau

269 1099 399 1172 cupstst,
428 1091 555 1156 inverso
587 1091 698 1156 ordine
724 1103 834 1174 captus
861 1101 956 1174 ipsust
983 1094 1105 1157 invexit
1131 1093 1284 1178 Pylades,
1320 1115 1413 1178 quem

270 1197 404 1264 Bothius
427 1203 578 1286 sequitur,
594 1215 701 1284 coptus
723 1211 805 1285 ipsus
826 1204 948 1287 placuit
968 1206 1041 1288 post
1056 1203 1272 1269 (temerarium
1283 1203 1412 1277 Vltima,

268 1323 389 1392 captust
414 1319 496 1392 ipsus
523 1313 688 1399 vulgatum
717 1317 766 1378 est
792 1314 867 1379 inde
896 1315 1085 1380 aGrutero.
1129 1313 1174 1379 ut
1200 1313 1284 1399 quod
1309 1313 1349 1378 ad
1372 1326 1415 1378 est

268 1421 398 1487 voculae
425 1424 618 1509 positionem
647 1425 777 1508 attinet,
811 1425 992 1489 Plautinum
1019 1447 1139 1490 morem
1166 1447 1280 1509 parum
1307 1424 1357 1490 vel
1384 1425 1413 1488 ei

267 1538 508 1618 perspexerunt,
533 1535 586 1619 qni
610 1557 629 1598 a
656 1534 826 1621 participio
848 1558 904 1600 suo
925 1535 1116 1621 diremptam
1144 1557 1215 1601 cum
1237 1543 1320 1616 ipsus
1341 1535 1411 1598 iun-

269 1647 396 1728 xerunt,
420 1643 471 1709 vel
494 1647 547 1730 qui
570 1651 660 1711 dutus
681 1647 850 1730 participio
865 1647 1007 1711 iunctam
1029 1669 1121 1732 posse
1138 1647 1235 1711 etiam
1251 1646 1290 1709 ad
1305 1657 1414 1726 captus

269 1754 431 1839 pertinere
458 1759 656 1821 statuerunt:
689 1757 771 1841 quod
805 1759 842 1821 ut
866 1757 902 1821 in
931 1757 1087 1822 adiectiva
1108 1779 1185 1821 sane
1209 1757 1318 1840 cadat,
1347 1777 1413 1821 non

269 1866 355 1930 cadit
377 1865 412 1930 in
434 1888 488 1930 eas
503 1867 671 1932 verborum
693 1866 812 1932 formas
834 1867 1096 1952 periphrastioaS,
1119 1889 1177 1952 pro
1200 1867 1314 1952 quibus
1336 1865 1368 1930 h.
1391 1866 1412 1930 l.

269 1977 431 2045 commode
453 1975 517 2042 dici
540 1978 637 2042 etiam
660 1986 783 2058 cupitur
805 1981 837 2042 et
859 1983 953 2044 datur
973 1981 1130 2064 potuerat.
1175 1977 1249 2044 Non
1277 1977 1358 2042 solet
1378 1977 1412 2041 in

268 2087 387 2152 talibus
414 2101 458 2152 est
484 2089 587 2152 omitti
617 2111 636 2166 a
659 2087 789 2171 Plauto,
824 2112 883 2154 uec
907 2089 1057 2154 convenit
1083 2111 1120 2152 ea
1141 2089 1270 2154 omissio
1291 2089 1326 2152 in
1350 2109 1412 2152 ser-

267 2219 394 2262 monem
428 2199 511 2262 vitae
548 2198 736 2263 cotidianae.
794 2199 884 2276 Quod
916 2200 1044 2285 quidem
1089 2221 1192 2285 genus
1228 2199 1412 2263 universum

268 2308 331 2373 dici
353 2308 465 2393 nequit
486 2331 582 2394 quam
604 2314 636 2374 et
657 2309 721 2374 late
743 2313 852 2394 pateat
880 2314 912 2374 et
933 2311 1100 2396 ignoretur
1122 2310 1163 2374 ab
1186 2309 1358 2374 editoribus
1381 2313 1413 2373 et

267 2419 430 2491 bisbetum
452 2420 552 2484 sitin
574 2419 783 2485 deterioribus
806 2421 1016 2508 codicibue.*)
1032 2459 1074 2469 -
1088 2420 1275 2505 impeditior
1304 2424 1353 2485 est
1374 2421 1412 2484 de

267 2529 358 2596 hiatu
386 2531 538 2615 quaestio.
583 2530 658 2596 Non
681 2532 785 2596 dicam
808 2535 914 2597 autem
936 2535 1048 2597 contra
1076 2553 1144 2615 eos,
1169 2532 1223 2617 qui
1246 2531 1357 2616 quovis
1379 2535 1412 2595 et

267 2641 336 2706 loeo
359 2645 392 2705 et
416 2642 510 2707 modo
526 2641 698 2706 admissum
721 2642 843 2706 hiatum
869 2647 1048 2708 concocunt
1068 2642 1289 2727 conooetisque
1311 2642 1411 2706 bonos

268 2773 378 2818 versus
401 2755 591 2818 consecant:
615 2753 685 2838 quie
701 2754 786 2818 enim
807 2753 915 2818 lavare
938 2754 1070 2819 laterem
1091 2754 1233 2818 animum
1253 2751 1413 2818 inducat?

266 2861 387 2930 Venun
419 2865 473 2949 qui
505 2864 540 2929 in
573 2865 644 2948 ipsa
680 2887 810 2929 caesura
841 2864 1037 2930 senariorum
1061 2865 1232 2928 admissum
1265 2867 1413 2928 tutantur

268 2977 362 3060 atque
385 2975 591 3059 defensitant,
616 2997 669 3040 eos
685 2979 769 3040 certe
785 2975 892 3060 aliqua
913 2976 1038 3040 ratione
1053 2995 1148 3060 agere
1172 2974 1410 3041 concedendum

268 3088 326 3151 est.
370 3085 439 3152 Nec
467 3108 527 3172 ego
557 3086 617 3151 hoc
640 3109 813 3172 numquam
841 3087 964 3151 factum
987 3084 1193 3151 contendam:
1222 3085 1278 3150 sed
1300 3088 1409 3149 tamen

267 3201 303 3261 ut
324 3196 375 3261 vel
396 3197 429 3261 id
451 3219 553 3283 genus
576 3197 672 3282 longe
688 3197 869 3280 artioribus,
893 3219 988 3282 quam
1004 3196 1100 3281 vulgo
1119 3195 1269 3278 creditur,
1292 3195 1410 3259 finibus

268 3329 336 3373 esee
365 3308 637 3392 circumscriptum
663 3311 782 3392 putem.
827 3307 872 3372 Et
897 3311 1023 3372 tanturn
1051 3306 1178 3386 quidem
1206 3328 1272 3371 non
1303 3308 1409 3390 potest

268 3441 335 3483 non
363 3417 475 3483 haberi
505 3419 731 3500 certissimum,
761 3441 827 3483 uon
855 3418 1049 3504 elegantiam
1070 3417 1230 3502 quandam
1252 3418 1408 3502 interpre-

198 3573 205 3580 -
268 3529 402 3594 tandum
429 3551 556 3594 omnem
582 3528 707 3593 hiatum
735 3550 819 3614 esse,
857 3551 953 3614 quem
981 3529 1046 3594 sint
1067 3529 1181 3593 sectati
1202 3531 1326 3613 poetae,
1355 3527 1410 3592 sed

268 3639 433 3708 licentiam
455 3639 560 3724 potius
583 3661 678 3724 quem
700 3639 762 3704 sibi
784 3640 985 3704 indulserint.
1031 3637 1122 3714 Quod
1143 3639 1170 3704 si
1190 3638 1236 3702 ita
1252 3641 1310 3721 est,
1334 3637 1411 3721 quid

267 3751 398 3815 tandem
421 3771 550 3815 caussae
572 3750 670 3815 fuisse
693 3753 855 3836 putemne,
880 3773 935 3817 cur
957 3751 1091 3816 licenter
1112 3749 1218 3814 facere
1240 3751 1335 3834 poeta
1357 3769 1410 3812 eos

268 3873 377 3926 versus
405 3861 532 3944 mallet,
562 3883 639 3946 quos
667 3861 795 3947 quidem
816 3861 904 3927 nullo
926 3861 1073 3947 negotia,
1097 3881 1163 3924 non
1186 3859 1316 3924 adscitis
1342 3857 1413 3922 aliis

268 3973 408 4056 vocibus,
432 3995 498 4037 non
519 3975 642 4037 mutate
663 3973 782 4059 integri
805 3973 964 4038 enuntiati
987 3971 1252 4053 conformatione,
1267 3969 1411 4055 legitime

269 4087 302 4146 et
329 4082 493 4168 eleganter
520 4083 651 4169 posset?
679 4105 735 4148 our
767 4091 851 4165 epsus
877 4095 998 4164 captust
1028 4081 1139 4147 mallet
1165 4103 1262 4167 quam
1295 4091 1415 4162 captust

268 4201 350 4275 ipsus
365 4193 529 4259 seribere?
553 4194 608 4278 At,
631 4193 747 4279 inquit,
763 4195 784 4259 ἃ
798 4195 983 4279 γέγραπται,
1006 4195 1189 4274 γέγραπται.
1222 4189 1304 4256 ΝοΙο
1319 4189 1414 4256 huius

335 4435 360 4504 *)
380 4431 462 4507 [Vide
485 4433 594 4504 Proleg.
612 4453 638 4505 p.
659 4431 718 4488 CIX
736 4448 776 4502 sq.
797 4437 825 4487 et
843 4431 910 4488 Mne.
930 4431 1016 4488 lthen.
1037 4429 1088 4486 VII
1106 4449 1133 4502 p.
1154 4437 1203 4486 599
1221 4429 1274 4502 sq.]
