3300 5102
290 344 352 410 382
479 341 480 344 ’
576 367 814 428 Qvacsrrones
838 371 1142 421 roeocnaenrcac.

289 515 429 582 Oenius:
462 520 539 584 item
568 523 675 588 omisit
704 524 838 590 illustris
860 525 957 590 Vrbis
987 531 1154 592 enarrator
1176 525 1346 593 Bunsenus
1369 529 1429 615 Eq.

178 623 184 630 ’
288 627 322 691 in
346 627 455 695 Descr.
479 631 600 698 Rornae
627 634 643 698 Ι
665 657 696 720 p.
721 637 799 720 (340,
824 637 991 702 Strabonis
1001 643 1031 721 *)
1054 639 1266 728 potissimum²
1291 642 1327 702 ut
1348 641 1432 706 vide-

287 741 355 823 tur,
391 743 579 808 auctoritate
603 747 756 830 confisus,
786 747 839 832 qui
862 748 902 832 V,
927 750 945 814 7
968 771 999 832 p.
1024 750 1087 815 234
1113 749 1183 813 Cas.
1209 751 1361 814 continuo
1383 773 1431 815 or-

288 851 362 916 dine
391 851 449 916 has
482 877 515 918 se
547 857 611 919 tres
633 861 743 940 portas
765 859 893 942 aggeris
917 859 1061 924 Serviani
1095 860 1256 944 excepisse
1279 863 1430 927 testatur:

288 962 461 1048 (tudinem,
486 965 695 1051 Viminaleni,
720 969 930 1054 Esquilinam.
976 971 1109 1034 Pactum
1130 971 1245 1034 laudo:
1278 972 1331 1035 sed
1355 972 1430 1058 quid

286 1073 466 1138 iamdictis
486 1076 543 1139 illa
565 1077 716 1142 Plautina
737 1079 818 1142 fiat?
840 1080 878 1143 de
900 1103 962 1164 quo
985 1081 1068 1145 unde
1090 1081 1231 1163 tandem,
1255 1105 1317 1166 quo
1338 1105 1430 1166 quae

284 1185 366 1250 senti
391 1186 470 1250 satis
498 1187 565 1271 fiat,
590 1191 692 1273 petas,
716 1190 743 1253 si
766 1190 925 1254 uberrima
948 1192 1171 1274 Descriptione
1194 1193 1388 1258 destituare?

367 1298 481 1381 Itaque
508 1301 544 1360 ut
577 1301 731 1364 radicitus
753 1300 888 1366 Metium
909 1281 986 1366 illud
1011 1305 1224 1366 commentum
1247 1307 1280 1367 et
1302 1326 1318 1368 e
1340 1307 1429 1388 topo-

284 1409 421 1494 graphia
442 1408 539 1474 Vrbis
572 1415 605 1474 et
633 1433 649 1474 e
671 1409 829 1476 Plautinis
856 1412 975 1477 fabulis
1002 1412 1188 1477 evellamus:
1218 1416 1270 1498 qui
1299 1415 1427 1479 tandein

283 1525 332 1584 tot
360 1522 469 1585 doctos
498 1521 532 1586 in
560 1543 616 1586 suo
638 1545 756 1607 genere
778 1523 923 1588 l1omines
945 1524 1056 1610 fugere
1078 1523 1199 1609 potuit,
1233 1547 1298 1588 non
1324 1547 1426 1610 posse,

283 1655 363 1717 (luae
378 1633 412 1696 in
429 1631 587 1697 Pseudulo
602 1634 721 1698 Mdtia
737 1637 830 1718 esset,
854 1633 1013 1700 Motiam
1029 1656 1097 1698 esse
1112 1635 1146 1698 in
1164 1633 1305 1700 Casina?
1327 1636 1427 1700 multo

283 1747 389 1808 autern
422 1745 528 1808 minus
552 1751 691 1810 dlacciae
719 1745 815 1810 alicui
847 1745 950 1810 locum
976 1746 1012 1810 in
1033 1745 1183 1810 Pseuduli
1212 1767 1306 1811 versu
1335 1747 1427 1810 esse?

285 1855 427 1920 Haecine
451 1877 565 1939 susque
593 1856 693 1940 deque
715 1855 875 1920 habentur
896 1857 1050 1940 impune?
1092 1857 1147 1939 At,
1181 1856 1302 1941 inquit,
1326 1856 1352 1920 si
1376 1879 1425 1920 su·

283 1971 393 2050 specta
422 1973 472 2030 est
502 1965 537 2030 in
560 1965 677 2031 Casina
698 1967 816 2032 Metiae
843 1972 954 2058 portae
977 1967 1249 2050 commemoratiO,
1279 1969 1333 2050 qui
1356 1989 1426 2030 earn

284 2079 442 2162 expellere
476 2101 492 2140 o
521 2075 678 2141 Pseudulo
711 2079 853 2141 animum
885 2077 1044 2142 inducas?
1086 2077 1180 2142 Vnde
1212 2078 1239 2142 si
1272 2077 1425 2140 removeri

285 2211 348 2252 non
371 2188 527 2272 potuerit,
551 2189 669 2272 quippe
691 2211 772 2272 quae
795 2188 876 2252 nihil
902 2190 1073 2273 quiequam
1098 2189 1142 2252 ibi
1165 2187 1349 2252 offensionis
1371 2187 1449 2250 lia-¹

285 2299 374 2380 beat,
408 2299 463 2382 qui
496 2321 565 2362 carn
598 2300 728 2363 omnino
750 2321 767 2363 e
790 2303 953 2383 portarum
975 2321 1107 2363 numero
1132 2298 1248 2362 tolles?
1269 2337 1311 2346 -
1333 2297 1425 2361 Itane

285 2408 383 2472 vero?
426 2411 513 2484 Quae
545 2431 618 2475 vero
640 2431 695 2474 vos
717 2411 801 2474 mala
827 2433 903 2475 crux
937 2411 1020 2496 egit,
1054 2415 1090 2474 ut
1121 2431 1161 2473 ne
1184 2409 1277 2472 Parei
1299 2409 1425 2492 quidenr

284 2520 383 2602 capiis
405 2519 558 2604 inspectis
573 2528 691 2586 mediam
707 2523 920 2606 opinaremini
932 2523 1085 2586 librorum
1108 2521 1173 2584 sive
1195 2519 1336 2584 omniurn
1359 2521 1424 2583 sive

283 2625 481 2714 ‹juorundani
504 2631 569 2695 sive
592 2633 782 2716 optimorum
809 2635 1000 2719 scripturam
1022 2655 1100 2715 esse,
1131 2653 1211 2716 quae
1233 2651 1320 2692 mera
1342 2631 1424 2694 auti-

283 2742 506 2825 quissimorurn
530 2747 712 2808 coniectura
735 2745 943 2828 editorum**)
965 2744 1104 2829 prodiit?
1131 2741 1246 2805 Nullus
1269 2744 1318 2806 est
1339 2741 1423 2805 eninr

284 2875 340 2916 nn.
365 2853 446 2918 liber
472 2858 674 2938 quantumvis
702 2856 804 2920 inatus
833 2857 882 2920 vel
912 2856 1138 2940 interpolatae,
1175 2853 1251 2938 quin
1273 2852 1369 2936 plane
1392 2857 1424 2915 et

284 2965 449 3047 perspicuo
471 2965 625 3050 scripturn
648 2975 807 3032 mistiam
829 2967 997 3052 praebeat:
1020 2987 1080 3031 nee
1100 2965 1261 3048 discrepat
1275 2963 1423 3046 princeps

284 3075 389 3141 editio
435 3077 557 3161 Ecquid
581 3081 685 3142 autem
708 3078 856 3162 displicet
877 3080 911 3143 in
933 3079 993 3142 hoc
1015 3098 1106 3141 versu
1129 3073 1293 3138 Pseuduli:

326 3217 390 3276 Iani
404 3219 452 3276 hio
468 3239 531 3278 ero:
555 3241 656 3280 rerum
673 3223 755 3278 extra
775 3225 893 3296 portam
914 3221 960 3278 mi
984 3221 1093 3278 ctiam
1109 3217 1316 3276 currendumst
1330 3215 1422 3290 prius.

284 3352 351 3425 Quo
379 3350 461 3415 nihil
490 3351 523 3414 in
546 3350 730 3415 Plautinum
753 3375 929 3417 sermonem
952 3373 1019 3418 esse
1043 3349 1282 3416 corruenientius
1304 3350 1420 3432 potest.

285 3463 402 3526 Actum
436 3466 484 3526 est
515 3463 614 3548 igitur
643 3463 681 3527 de
714 3485 750 3526 eo
784 3465 927 3550 exemplo
954 3464 1037 3550 quod
1069 3461 1245 3547 suspitione
1271 3459 1421 3522 vacabat:

351 3670 376 3738 *“)
395 3671 492 3736 διόπερ
511 3669 621 3736 τάφρον
641 3673 754 3735 βαθεῖαν
772 3671 920 3738 ὀρύξαντες
940 3669 979 3725 etc
992 3671 1026 3723 τὸ
1045 3671 1126 3724 ἐντὸς
1145 3669 1276 3722 ἐδέξαντο
1295 3667 1348 3732 τὴν
1366 3667 1419 3730 γῆν

285 3765 329 3818 καὶ
347 3763 485 3818 ἐξέτειναν
504 3763 571 3816 ὅταν
589 3764 749 3817 ἑξαττὰδιον
766 3769 846 3831 χῶμα
864 3767 910 3818 ἐπὶ
928 3771 962 3832 τῇ
982 3765 1063 3817 ἑντότ
1081 3762 1168 3828 ὸφρύι
1185 3765 1236 3827 τη(
1249 3760 1360 3827 τάφρου
1374 3760 1418 3810 καὶ

283 3857 421 3922 ἐπέβαλον
438 3849 529 3923 rete
548 3860 592 3910 καὶ
613 3859 736 3925 πύργου(
755 3858 813 3912 ἀπὸ
831 3863 881 3925 τῆς
899 3857 1032 3912 Κολλίνα(
1050 3857 1141 3923 πύλητ
1160 3855 1237 3922 μέχρι
1255 3859 1306 3920 τῆ(
1326 3853 1420 3906 Ἠτκυ-

234 3977 235 3982 ‘
284 3952 373 4004 λίνατ·
398 3951 455 4004 ύπὸ
479 3950 552 4018 μέτψ
575 3953 605 4004 δὲ
626 3958 669 4020 τῷ
692 3953 800 4019 χώματι
822 3951 903 4020 τρίτη
922 3953 978 4005 tert
997 3951 1073 4018 πύλη
1092 3949 1241 4016 ὁμώνυμοι
1260 3953 1302 4016 τῷ
1322 3947 1420 4010 Ούιμε-

284 4043 372 4111 vultur
391 4046 482 4112 λόφῳ,
508 4044 587 4108 Quod
606 4044 717 4114 quidem
735 4043 923 4099 testimonium
941 4060 996 4098 nou
1015 4043 1099 4096 miror
1112 4042 1216 4095 Piatorn
1235 4043 1275 4105 (et
1292 4057 1353 4094 euin
1372 4038 1419 4090 illo

284 4155 316 4191 cx
335 4137 412 4191 italis
436 4139 627 4207 arctraeologis
649 4139 766 4193 fortasse
785 4138 853 4192 alios
872 4139 942 4192 beno
961 4137 1073 4203 inultos)
1096 4136 1122 4188 in
1147 4153 1208 4190 earn
1230 4135 1340 4202 partem
1359 4149 1419 4186 ver·

284 4230 357 4299 tisse,
376 4233 407 4284 ut
423 4251 478 4288 nou
497 4231 604 4288 excludi
622 4232 739 4286 aliarum
758 4233 901 4302 portarurn
920 4230 1103 4286 {recessionem
1121 4229 1234 4282 diceret.

351 4327 391 4394 **)
415 4327 557 4394 Saraceni,
576 4331 608 4381 ut
625 4327 744 4381 videtur:
775 4298 830 4380 nisi
847 4327 918 4381 sorte
936 4324 1046 4390 Valles,
1067 4323 1142 4377 cuius
1162 4339 1232 4376 nunc
1250 4337 1305 4374 uon
1324 4322 1367 4374 est
1384 4317 1418 4374 ad

284 4439 380 4474 manue
399 4421 618 4476 conranni-arius,
