3276 5082
258 295 321 360 230
597 305 817 356 euossrurvn
840 305 1052 352 rnivrruvu.

259 465 340 529 Item
368 461 622 527 recentissimum
652 460 848 544 eundemque
875 459 1110 544 ineptissimum
1139 482 1210 525 eum
1231 463 1266 524 iu
1288 462 1395 527 Plauti

260 577 332 639 octo
353 573 478 638 fabulas
502 572 623 656 priores
644 575 713 634 tum
735 571 769 634 in
791 570 937 634 Persium
960 572 1233 655 commentarium,
1258 573 1326 637 sine
1347 573 1395 657 ip·

261 706 368 749 sorum
388 683 493 747 verbis
514 683 691 766 poetarum,
715 683 822 745 servat
838 680 1016 745 Vaticanae
1031 680 1197 746 Palatinus
1212 683 1294 748 2711
1311 706 1394 749 saec.

260 794 322 859 XV
349 794 398 880 (in
420 814 482 878 quo
505 791 672 855 Aulularia
693 791 836 875 sequitur
857 790 1105 876 Cureulionem).

346 903 473 970 Scholia
499 901 616 966 rectius
648 923 744 986 quam
771 902 1033 966 commentarium
1065 902 1183 967 dixeris
1216 926 1297 989 quae
1325 908 1397 970 octo

260 1017 324 1081 illis
346 1013 463 1079 fabulis
485 1014 520 1077 in
541 1011 742 1097 marginibus
764 1011 926 1096 adscripta
940 1014 1031 1076 tenet
1046 1013 1143 1077 codex
1159 1014 1238 1079 cell.
1255 1013 1347 1079 Rern.
1364 1017 1395 1081 4.

262 1126 296 1192 O.
319 1125 359 1190 41
395 1124 495 1188 chart.
525 1122 647 1186 formae
673 1144 769 1205 max„
803 1121 887 1186 uude
920 1122 1076 1186 nonnulla
1104 1123 1267 1189 Antonius
1295 1125 1397 1190 Bene-

262 1236 366 1301 dictus
388 1232 547 1316 excerpsit
567 1233 602 1297 in
625 1232 764 1296 editione
780 1231 964 1296 Aululariae
980 1255 1008 1296 e.
1028 1233 1110 1298 1754
1124 1231 1245 1312 Romae
1268 1236 1398 1320 emissem

263 1346 312 1410 vel
334 1366 415 1429 quae
437 1343 554 1407 eisdem
576 1342 705 1424 fabulis,
730 1363 801 1406 oum
821 1364 908 1406 nona
922 1341 1149 1426 Menaechmis,
1173 1343 1315 1409 Vrbinas
1336 1346 1398 1412 655

262 1456 395 1520 membr.
419 1475 502 1518 saec.
518 1451 579 1518 XV
601 1452 624 1516 f.
648 1474 732 1517 max.
755 1452 810 1516 fol.
837 1453 907 1536 132,
943 1454 1088 1536 profecta
1109 1476 1147 1518 ee
1170 1455 1210 1520 ab
1233 1455 1398 1521 Mutinens

262 1565 406 1630 homine:
429 1565 548 1648 quippe
571 1571 641 1628 ‘nos
661 1570 855 1628 mutinenses’
878 1561 956 1626 dicit
978 1563 1112 1648 alicubi;
1138 1565 1189 1628 vel
1216 1587 1298 1650 quae
1325 1567 1399 1630 duo·

263 1677 366 1741 decim
388 1673 616 1758 posterioribus
638 1674 673 1737 iu
696 1672 839 1738 Mediceo
861 1671 1018 1757 XXXVI,
1052 1672 1110 1739 46:
1143 1674 1207 1739 alia
1229 1675 1301 1740 aliis
1323 1676 1400 1741 ieiu-

263 1787 364 1851 niora.
378 1823 419 1834 —
435 1785 466 1848 A
489 1783 787 1848 commentariorum
810 1783 956 1848 ubertate
983 1785 1186 1867 perreriam
1208 1784 1397 1850 scholiorum

263 1895 516 1960 mediocritatem
538 1893 758 1958 descendimus
781 1893 821 1956 ad
843 1892 1022 1976 glossarum
1044 1895 1136 1979 (quas
1159 1875 1286 1979 quidem
1307 1895 1400 1960 hodie

232 2007 395 2091 evocant)
420 2005 516 2068 etiam
539 2003 702 2068 exiliorem
725 2003 930 2085 brevitatem,
954 1997 1060 2068 v'erbis
1082 2004 1243 2070 Plautinis
1264 2007 1299 2070 in
1322 2006 1400 2070 mul-

264 2116 306 2180 tis
335 2115 496 2180 codicibus
524 2114 703 2198 promiscue
732 2113 955 2196 adspersarum
983 2135 1055 2177 eum
1076 2114 1112 2177 in
1134 2115 1278 2198 modum,
1313 2116 1401 2181 cuius

265 2226 409 2309 exemplo
432 2223 600 2288 Terentius
630 2245 698 2288 esse
725 2222 877 2287 Halensis
905 2226 1012 2307 potest
1034 2246 1053 2287 a
1075 2223 1214 2289 Brunsio
1241 2227 1327 2310 typis
1351 2249 1403 2291 ex-

265 2335 361 2400 scribi
395 2335 500 2399 iussus
532 2333 712 2398 litterarum
744 2333 872 2417 quidem
905 2333 1068 2398 commodo
1098 2335 1198 2400 nullo.
1248 2335 1404 2401 Eminent

264 2446 350 2509 iuter
372 2466 425 2509 eos
448 2444 570 2508 codices
593 2443 760 2507 Palatinus
786 2443 865 2508 1618
888 2446 921 2507 et
942 2447 1070 2526 praeter
1092 2449 1213 2509 ceteros
1236 2444 1402 2510 Palatinus

268 2556 364 2638 1614,
393 2554 446 2638 qui
474 2553 575 2618 Pareo
602 2555 678 2618 sunt
699 2553 767 2618 Pal.
790 2552 838 2618 IV
866 2556 898 2618 et
919 2552 985 2636 Ill,
1009 2575 1069 2618 nee
1091 2554 1263 2639 diligenter
1285 2555 1326 2619 eb
1348 2555 1403 2621 illo

266 2686 326 2728 nec
347 2663 441 2749 plene
465 2665 588 2729 excussi
596 2664 643 2749 *):
666 2663 699 2727 id
720 2663 802 2748 quod
825 2683 866 2727 ne
888 2663 1059 2728 dolendum
1081 2664 1218 2748 quidem.

267 2927 310 2978 est
328 2927 422 2978 tomen
439 2921 514 2988 quod
531 2923 621 2976 omnis
639 2921 765 2976 comedia
782 2922 812 2974 iu
830 2922 951 2987 quinque
970 2923 1097 2976 actiones
1109 2922 1250 2978 diuiditur
1268 2924 1357 2979 idest
1375 2926 1405 2978 in

267 3019 388 3083 quinque
409 3020 516 3082 partes.
564 3013 720 3070 Voluerunt
741 3015 815 3068 enim
835 3019 936 3080 poetae
959 3017 1033 3070 sicut
1060 3017 1090 3069 in
1116 3017 1214 3070 metris
1241 3032 1406 3072 mensrtrem

267 3109 371 3164 tentent
394 3111 433 3162 ite
455 3113 482 3163 et
504 3110 534 3162 in
558 3108 678 3162 materie
706 3107 817 3162 modum
841 3106 1005 3163 obseruare.
1049 3107 1118 3163 Vide
1142 3125 1239 3164 omnes
1260 3115 1361 3176 noetus
1379 3119 1406 3166 et

268 3203 398 3257 inuenies
412 3217 467 3268 per
485 3201 619 3268 ueritates
637 3201 833 3256 distinctiones
849 3206 876 3255 et
895 3201 1057 3256 moderetur
1075 3217 1173 3256 eorum
1190 3202 1277 3256 libros
1295 3218 1405 3270 compo-

268 3275 389 3351 sitos'ct
411 3295 608 3349 distinctiones
629 3292 694 3361 fere
717 3293 844 3348 eiusdem
867 3308 1019 3348 incasurus
1038 3307 1060 3345 e.
1081 3309 1108 3360 q.
1127 3310 1157 3358 s,
1181 3292 1325 3361 eliquanto
1342 3295 1407 3364 post

268 3387 362 3442 autem
387 3385 448 3454 ipse
472 3385 704 3438 commemoratur
726 3383 860 3438 Donatus.
901 3383 963 3437 Non
992 3385 1084 3439 hercle
1111 3385 1199 3438 maior
1225 3385 1285 3439 laus
1311 3402 1407 3441 cortem

269 3495 340 3546 quae
358 3477 393 3532 de
412 3482 532 3544 nomine,
552 3481 608 3534 vitu
626 3485 654 3534 et
671 3479 802 3534 doctrine
820 3478 917 3534 Plauti
933 3485 1031 3545 noerae
1050 3477 1198 3532 traduntur
1215 3478 1233 3535 f.
1253 3483 1294 3545 86,
1312 3496 1326 3533 e
1346 3479 1406 3547 qui-

268 3573 320 3625 bus
339 3569 496 3640 speciminis
515 3587 612 3624 caussa
628 3569 769 3624 tralaticia
786 3569 855 3624 haec
873 3571 1071 3639 excerpsimus:
1092 3588 1194 3628 ...cx
1212 3573 1322 3628 umbrie
1338 3592 1406 3642 pro-

269 3669 365 3722 uincia
383 3682 454 3733 quoe
472 3671 516 3721 est
532 3667 612 3720 circe
630 3665 762 3720 urbinum
779 3639 823 3720 bx
841 3667 956 3721 ciuitate
974 3682 1045 3732 enee
1063 3667 1170 3721 dieitur
1191 3669 1339 3722 nursinum
1358 3710 1406 3724 ...

269 3803 275 3816 .
294 3803 300 3815 .
318 3761 353 3814 de
371 3761 501 3815 tioctriuu
524 3764 616 3813 etitem
638 3760 701 3813 eius
719 3759 786 3812 dicit
805 3759 964 3814 macrobius
982 3761 1074 3814 etiem.
1093 3761 1187 3826 primo
1211 3761 1408 3818 animaduerto

269 3855 341 3908 duos
358 3869 428 3920 quos
447 3852 689 3918 eloquentissimos
707 3855 824 3920 (entique
843 3858 923 3907 uetus
938 3852 1059 3919 protulit
1072 3851 1211 3908 Comicnm
1229 3853 1363 3909 Ptuutum
1382 3862 1409 3911 et

271 3947 419 4002 Oratorem
446 3945 556 4000 Tuiium
583 3961 631 4000 eos
654 3946 749 4000 unitos
772 3948 855 4000 etiem
879 3943 1070 4000 ediscerem
1098 3951 1275 4001 uenustetem
1304 3951 1408 4006 ceteris

268 4041 562 4108 praesternens.
582 4067 614 4074 -
633 4035 762 4090 Ceterum
780 4036 867 4090 codex
886 4038 928 4090 cst
946 4035 1048 4090 saeculi
1060 4035 1119 4101 XV,
1138 4037 1244 4090 formae
1263 4038 1408 4104 maximae,

270 4130 399 4184 foliorum
420 4135 475 4194 138,
492 4129 568 4197 ipsas
588 4127 695 4183 sellulas
713 4131 813 4198 poetae
831 4146 887 4183 uon
905 4129 1060 4183 continens:
1083 4127 1207 4198 pertinet
1224 4131 1318 4184 eutem
1337 4147 1408 4185 com·

271 4222 422 4276 ruentarius
441 4222 476 4275 eb
495 4221 696 4290 Amphitruone
715 4223 751 4276 ad
770 4221 922 4290 Epidicum.

338 4315 362 4382 *j
393 4313 495 4368 Parcus
519 4333 580 4369 oum
602 4317 716 4384 praeter
733 4315 864 4370 Veterem
888 4313 956 4381 (Pal.
983 4315 1058 4381 1615)
1082 4315 1110 4369 et
1133 4315 1314 4370 Deeurtutum
1338 4316 1407 4384 (Pul.
