3300 5102
588 339 809 390 suassarnvu
833 341 1046 390 acnv'nuvu.
1325 322 1388 388 265

336 495 380 558 In
403 494 536 558 Persa.
583 495 876 574 lssquudrr'daa:
913 494 1028 560 Persae
1050 495 1077 578 l,
1104 497 1132 578 l,
1155 495 1196 560 38
1219 495 1286 574 (37)
1311 496 1387 568 (luas

249 613 390 671 cauttuua
423 607 480 671 tibi
499 626 645 686 reponam
667 613 699 670 r'u
720 610 777 670 tac
799 607 901 670 triaue
923 618 976 671 aut
998 607 1180 686 quadriduo.
1226 604 1279 670 Sic
1301 604 1387 668 enim

249 716 452 782 scribaudmu
482 738 555 780 cum
576 715 666 780 libris
688 717 833 800 quamvis
857 717 1016 800 asperiore
1040 716 1255 801 correptione,
1294 720 1331 779 ut
1352 715 1387 779 in
1428 792 1432 802 ἴ

248 829 389 892 numeris
421 826 640 910 liberioribus,
676 848 742 890 non
764 826 917 912 legitimis
941 827 1163 911 continuisque
1185 825 1385 910 septenariis.

249 936 373 1022 Quippe
397 941 549 1003 constans
571 940 620 1002 est
642 937 677 1001 in
698 936 759 1002 hoc
781 959 899 1023 genere
921 945 952 1003 ia
974 937 1220 1022 praepositionis
1236 936 1386 1020 accessia,

248 1051 285 1112 ut
307 1048 476 1113 Asinariae
498 1046 556 1132 IV,
584 1052 610 1131 l,
637 1048 676 1111 19
698 1048 786 1131 (764)
810 1055 845 1113 ur'
864 1056 896 1126 iu
918 1049 1092 1132 quadriduo
1108 1051 1307 1125 Abulicuarr't,
1332 1047 1387 1110 ubi

248 1166 279 1223 r'a
302 1157 403 1223 Vetus
424 1161 549 1242 tuetur,
571 1139 650 1222 item
672 1157 821 1223 Pseuduli
843 1159 870 1243 Ι,
893 1159 924 1242 3,
949 1159 989 1223 82
1013 1159 1102 1243 (316)
1125 1179 1180 1238 epa
1202 1165 1234 1222 r'u
1256 1163 1313 1223 bac
1335 1159 1386 1221 tri-

250 1275 311 1336 duo
335 1317 342 1334 .
369 1319 376 1333 .
401 1324 407 1336 .
431 1272 564 1334 evolvam
596 1274 629 1333 ia
662 1269 818 1348 oracutum
852 1275 915 1334 tibi.
956 1309 991 1321 —
1030 1268 1189 1334 Vitiosum
1221 1274 1386 1348 quatriduo

248 1380 440 1463 scripturam
468 1379 692 1444 Fleckeisenus
721 1379 858 1464 explosit
878 1381 913 1444 in
936 1379 1093 1464 ‘Fr'infnig
1116 1377 1259 1443 Artikel'
1289 1401 1320 1462 p.
1344 1379 1386 1442 25

248 1511 311 1574 sq.:
334 1511 469 1574 quocum
492 1489 533 1552 cf.
557 1489 790 1574 praefationem
812 1492 846 1554 in
869 1490 1000 1554 Persam
1023 1493 1166 1554 nostram
1188 1512 1220 1572 p.
1244 1488 1284 1552 X.

202 1675 214 1694 ,
332 1599 373 1664 79
394 1598 638 1677 cornupetae
660 1599 686 1682 I,
710 1601 741 1682 3,
765 1601 805 1664 28
829 1601 937 1686 (108):
962 1600 1034 1664 vide
1057 1600 1097 1664 ad
1120 1603 1140 1680 ξ
1163 1599 1214 1662 52.

332 1710 374 1774 80
395 1717 569 1789 temperi:
591 1709 634 1773 ib.
658 1709 701 1792 Π,
725 1710 756 1793 2,
778 1711 819 1775 47
844 1712 948 1794 (228);
971 1709 1042 1776 vide
1064 1709 1105 1773 ad
1128 1713 1148 1790 ξ
1170 1709 1222 1773 66.

333 1819 371 1884 81
397 1826 586 1885 amiciter:
609 1820 652 1885 ib.
669 1820 712 1903 Il,
728 1821 759 1903 3,
783 1822 803 1886 3
826 1821 914 1904 (255)
940 1821 1084 1896 Quoniam
1106 1841 1171 1884 moa
1193 1827 1291 1884 amica
1313 1821 1386 1882 ami-

247 1938 326 1995 citer
346 1936 428 1997 tuuc
449 1933 668 1996 commoditatis
689 1933 808 2011 copiam
832 1932 966 1995 Danant.

332 2041 373 2105 82
395 2051 544 2120 tultae,
579 2040 606 2104 si
628 2039 786 2104 Prisciani
808 2041 898 2105 libris
920 2041 1010 2123 fides,
1033 2039 1284 2126 glossographus
1306 2039 1387 2124 legit

247 2151 283 2216 in
306 2150 413 2216 codice
436 2173 492 2215 suo
514 2150 631 2216 Persae
652 2150 696 2234 Π,
719 2152 750 2235 3,
777 2151 815 2214 12
837 2152 937 2235 (265),
962 2151 1016 2216 ubi
1038 2164 1179 2217 tautam
1194 2149 1244 2214 vel
1259 2161 1316 2215 tua
1330 2161 1386 2214 tau

248 2283 319 2325 cum
342 2261 554 2326 Ambrosiana
576 2259 783 2343 Vrsinianus,
807 2275 926 2328 tuucau
947 2261 1105 2327 Palatini:
1150 2259 1212 2327 Diu
1233 2283 1293 2342 qua
1313 2265 1387 2324 benc

246 2382 322 2450 mat,
347 2377 397 2436 ate
417 2373 477 2436 urta
499 2377 669 2437 absolvam:
691 2371 747 2436 tu'x
768 2383 825 2437 tau
846 2385 932 2453 torpa
954 2379 1012 2438 erit
1031 2369 1110 2438 mia:
1137 2394 1197 2438 nou
1219 2394 1304 2438 caro.
1337 2371 1387 2436 Ea

248 2485 353 2547 autem
387 2481 492 2545 forma
523 2503 586 2566 qua
620 2485 707 2546 certa
739 2482 863 2546 ratione
886 2483 1223 2568 commendeturprue
1245 2503 1385 2566 eaquae

247 2591 398 2676 vulgatur
420 2603 487 2656 'tau
519 2603 591 2670 tau,
630 2592 792 2656 subtiliter
827 2592 1007 2657 lbidericus
1035 2593 1164 2658 Dianius
1198 2592 1324 2676 aperuit
1350 2592 1385 2656 in

247 2701 379 2766 Haeseri
403 2700 608 2766 ‘Zeitscbriit
639 2702 691 2766 fiir
723 2702 774 2766 die
796 2702 1036 2767 Wissenschaft
1062 2702 1118 2768 der
1140 2701 1299 2787 Sprachc’
1322 2702 1384 2768 vol.

247 2812 295 2875 ΙΙΙ
318 2835 350 2896 p.
373 2811 452 2894 400,
490 2811 529 2876 de
551 2811 674 2878 variata
697 2812 730 2876 iu
753 2812 871 2876 talibus
894 2813 1095 2897 singularum
1117 2813 1311 2896 syllabarum
1333 2834 1386 2877 va-

142 2949 146 2956 ·
249 2921 309 2986 cali
342 2943 442 3008 agens
475 2943 726 3006 comparansque
759 2928 931 2987 butu-tutta
953 2921 1155 2987 Naeuianum
1187 2927 1269 2988 teste
1291 2923 1386 2988 Festo

247 3030 339 3096 Pauli
362 3055 394 3116 p.
417 3033 469 3116 36,
493 3033 513 3096 6
535 3030 592 3114 M,
623 3031 977 3098 Plautinum‘Charisio
1000 3035 1129 3097 auctore
1150 3056 1182 3117 p.
1206 3032 1269 3096 242
1291 3033 1387 3097 Κ.-

249 3143 396 3207 Oeterum
427 3163 489 3225 quo
517 3141 583 3206 sive
607 3142 739 3206 consilio
762 3143 827 3207 sire
851 3165 926 3208 casu
948 3145 981 3206 et
1003 3164 1108 3208 errare
1130 3143 1165 3208 in
1187 3144 1280 3208 huius
1302 3145 1387 3228 glos-

161 3259 166 3268 '
248 3272 302 3314 sae
324 3249 509 3316 sacietatem
531 3252 656 3316 venerit
677 3274 715 3317 ca
736 3253 961 3338 interpretatio
983 3275 1064 3338 quae
1087 3275 1107 3316 a
1127 3261 1312 3332 araturam·
1331 3277 1386 3318 no·

247 3361 335 3426 bane
358 3361 454 3425 ducta
477 3365 541 3446 est,
579 3362 683 3452 fateor
704 3384 755 3426 me
777 3364 927 3449 ignorare
950 3363 1039 3428 iuxta
1062 3386 1134 3428 cum
1156 3365 1385 3448 ignarissumo:

250 3474 315 3534 tam
336 3469 393 3535 illu
414 3493 433 3534 a
454 3471 570 3536 Persae
593 3494 685 3536 versu
706 3473 803 3559 lange
818 3474 1005 3557 planissimo
1021 3474 1180 3539 abhorret.
1218 3474 1263 3539 Et
1276 3480 1386 3540 tarucn

251 3581 382 3646 eandem
406 3603 477 3646 cum
499 3581 707 3667 Scaligcrano
728 3583 868 3667 itemque
890 3584 1156 3669 Heidelbergcnsi
1180 3585 1287 3650 codice
1303 3607 1386 3650 cam-

248 3713 377 3755 muuem
399 3690 522 3756 habent
543 3691 706 3776 Excerpta
728 3715 745 3757 e
768 3692 958 3758 (laminiana
981 3695 1044 3778 (vel
1066 3694 1148 3760 Iulio
1163 3695 1309 3760 Romano
1332 3718 1385 3779 pa-

248 3801 323 3883 tius,
338 3782 383 3864 'ut
403 3800 499 3866 facile
522 3805 668 3885 apparet)
692 3808 730 3866 dc
752 3811 971 3883 interiectione,
996 3827 1077 3888 quae
1100 3827 1117 3869 e
1140 3805 1300 3870 codicibus
1323 3804 1386 3870 Va-

248 3908 393 3974 lentiana
415 3914 447 3975 et
469 3909 666 3994 Vossiano*)
689 3913 791 3997 petita
813 3913 958 3979 Charisia
980 3935 1037 3978 suo
1059 3913 1102 3978 H.
1125 3915 1248 3980 Keilius
1271 3938 1301 3999 p.
1324 3916 1386 3980 238

316 4181 342 4249 *)
360 4181 430 4235 Eum
449 4181 573 4236 codicem
593 4185 688 4250 (Voss.
707 4185 768 4242 Lat.
788 4185 819 4252 Q.
840 4189 899 4252 33),
919 4185 1088 4255 descriptum
1107 4185 1142 4240 ab
1161 4185 1280 4240 chrica
1298 4186 1387 4242 Kellia

250 4272 337 4341 praef.
357 4273 393 4328 ad
412 4273 534 4330 Graiam.
554 4275 601 4330 lat.
623 4277 643 4330 t.
668 4277 705 4330 lll
724 4296 751 4346 p.
765 4284 814 4333 389
833 4295 892 4346 sqq.
913 4279 973 4332 call.
993 4280 1081 4348 prael.
1100 4279 1137 4334 ud
1155 4280 1174 4333 t.
1192 4280 1204 4332 l
1223 4297 1250 4349 p.
1264 4279 1327 4334 XIX
1345 4297 1384 4348 sq.

251 4365 316 4434 (quo
335 4365 407 4421 adde
425 4367 576 4422 Lucianum
593 4369 756 4424 Muellerum
774 4371 842 4426 Mus.
862 4371 948 4427 Rhen.
969 4372 1019 4426 XX
1036 4391 1063 4443 p.
1084 4379 1132 4428 sat
1152 4375 1237 4442 squ),
1256 4373 1386 4442 quoniam
