3238 5078
276 319 339 384 100
543 326 635 386 tana
662 340 723 386 nra
745 339 868 388 aalma
892 339 958 388 aas
983 339 1151 388 rasurus.

273 490 362 555 aeine
383 489 640 577 Hillfsmittel*)‚
664 516 730 558 was
751 494 820 577 seir,
845 516 880 559 so
902 494 981 576 lang
1003 515 1035 557 es
1057 493 1116 576 ist,
1141 492 1211 557 hier
1233 493 1327 559 nicht
1349 516 1420 559 vor-

273 600 442 667 enthaltcn
465 603 590 687 dlirfen,
615 605 681 669 und
696 603 840 689 sogleich
855 604 889 668 in
905 604 1161 690 Anmerlrungen
1176 605 1244 668 und
1258 603 1416 670 Znsittzen

273 733 330 776 aus
354 713 606 798 anderweitigen
623 713 821 800 Zengnissen
844 720 1006 800 ergbnzen
1028 714 1155 798 wollen,
1179 737 1211 799 p.
1230 715 1285 780 16:
1308 716 1416 782 ‘Anni

272 821 337 886 iam
364 827 442 888 sunt
464 823 537 888 XX'
568 824 650 908 (also
673 824 735 890 seit
764 826 859 912 1525)
897 835 989 890 ‘cum
1016 828 1132 890 nactus
1160 825 1208 890 fui
1237 827 1417 912 exemplum

271 930 458 1001 Plautinum
481 935 645 1021 scriptum,
669 957 746 1000 sane
761 939 862 1018 vetus,
887 936 1023 1000 sednon
1046 940 1212 1001 exaratum
1233 941 1344 1002 tamen
1366 938 1417 1003 vel

272 1043 396 1108 erudito
423 1047 550 1111 sacerdo
578 1046 629 1110 vel
656 1048 696 1110 ab
724 1047 853 1110 homine
882 1047 985 1111 docto.
1037 1046 1074 1111 Id
1102 1051 1265 1132 repertum
1290 1047 1354 1113 fuit
1381 1049 1415 1113 in

272 1155 377 1237 patria
400 1177 471 1220 mea
493 1157 579 1222 inter
593 1157 692 1222 libros
708 1157 877 1222 clarissimi
894 1160 926 1220 et
941 1158 1059 1222 virtute
1082 1180 1119 1222 ac
1142 1159 1303 1244 sapientia
1325 1181 1414 1242 prae-

271 1266 388 1330 stantis
415 1267 475 1330 viri
504 1266 573 1332 Viti
602 1266 727 1332 Verleri
754 1267 889 1350 Franci,
918 1266 1002 1332 unde
1030 1271 1190 1333 exemtum
1218 1271 1414 1354 propinquus

271 1376 380 1460 ipsius,
405 1377 565 1443 amicitiae
593 1379 740 1443 sanctiss.
771 1377 900 1443 vinculo
929 1383 962 1443 et
991 1401 1074 1443 max.
1104 1379 1334 1443 familiaritatis
1356 1403 1414 1444 usu

270 1486 349 1551 mihi
379 1489 569 1553 coniunctus
599 1488 753 1554 Micaelus
775 1489 954 1574 RotinguS,
988 1491 1036 1554 vir
1057 1492 1123 1573 opt.
1154 1495 1249 1574 atque
1272 1491 1414 1555 doctissi-

268 1619 350 1683 mus,
374 1601 429 1686 qni
451 1603 521 1665 tum
543 1575 627 1664 forte
649 1600 816 1665 nobiscum
838 1604 937 1684 esset,
968 1599 1049 1665 mihi
1071 1600 1225 1665 utendum
1248 1601 1351 1684 dedit,
1381 1605 1414 1665 et

269 1708 338 1793 ipse
361 1709 507 1774 dominus
528 1711 603 1775 libri
625 1714 737 1795 postea
753 1715 789 1775 nt
811 1714 918 1776 uterer
940 1711 1081 1797 benigne
1103 1711 1260 1795 permisit.
1270 1711 1310 1796 53)
1341 1711 1413 1796 Ego

337 1947 362 2014 l¹)
382 1940 426 2019 [rh
443 1948 552 2003 Betrell'
567 1947 658 2003 dieser
669 1948 843 2003 Hiilfsmittel
856 1949 882 2002 d.
896 1949 922 2002 h.
937 1949 988 2003 der
1005 1947 1131 2003 beiden
1149 1948 1289 2002 Pllllzer
1305 1948 1411 2002 Hand-

268 2041 437 2096 sohrilten
457 2042 572 2110 (codex
592 2045 721 2096 ‘vetus'
740 2042 797 2096 und
815 2043 922 2096 codex
941 2042 1181 2102 ‘decurtatus’,
1207 2058 1260 2096 von
1278 2042 1411 2096 walchem

268 2134 386 2189 letztern
395 2134 479 2188 sehon
493 2134 532 2188 im
543 2136 634 2189 ersten
644 2135 791 2189 Absehnitt
804 2134 968 2189 wiederholt
978 2135 1151 2204 gesproahen
1165 2135 1289 2202 worden)
1304 2137 1411 2205 genfigt

269 2245 298 2281 es
311 2227 384 2296 jetat
402 2228 446 2282 ein
463 2229 508 2282 ftir
526 2228 638 2282 allemal
655 2230 706 2282 auf
720 2227 765 2282 die
785 2229 1092 2298 zusammenhhngende
1114 2228 1294 2297 Daratellung
1311 2229 1339 2282 in
1357 2229 1410 2282 den

268 2321 471 2390 Prolegomena
486 2339 514 2392 p.
527 2321 630 2375 XXVII
641 2322 670 2374 ff.
689 2341 721 2375 zu
739 2321 897 2388 verweisen,
916 2323 1048 2377 wodurch
1064 2322 1115 2376 wir
1127 2322 1177 2376 der
1194 2322 1315 2391 lastigen
1325 2322 1410 2376 Mdhe

268 2415 431 2469 liberhoben
449 2414 517 2482 sind,
536 2413 581 2469 die
594 2414 632 2468 im
644 2415 792 2484 folgenden
805 2433 854 2470 aaa
868 2415 932 2470 sehr
943 2417 1114 2469 aerstreuten
1126 2414 1243 2469 Nolizen
1262 2416 1409 2484 gemaelrtc

268 2507 554 2576 Zusammenstellung
581 2508 619 2562 im
643 2507 784 2564 einzelnen
809 2527 842 2562 an
868 2508 1043 2578 bericlrtigen
1070 2508 1139 2562 oder
1167 2527 1200 2562 an
1227 2509 1407 2563 vervollsttln·

268 2599 374 2672 iligen]
619 2659 624 2672 ,

334 2697 377 2762 53)
395 2695 474 2750 Noch
492 2713 631 2764 gensuere
650 2696 786 2751 Auskualt
811 2697 873 2766 gibt
890 2697 994 2750 Parcus
1011 2695 1040 2749 in
1059 2695 1109 2749 der
1126 2695 1250 2750 Vorrcde
1268 2715 1301 2749 zu
1319 2695 1408 2750 rainer

267 2789 393 2856 aweiten,
422 2789 480 2843 und
501 2789 554 2843 mit
575 2789 685 2860 einigen
707 2789 947 2859 Verhnderimgen
969 2788 1028 2843 also
1058 2807 1107 2843 zur
1135 2789 1240 2843 dritten
1262 2790 1406 2859 Ansgabe:

267 2883 358 2938 ‘luter
375 2914 408 2922 —
426 2882 534 2938 codices
552 2884 675 2954 palmam
688 2885 797 2938 obtinet
809 2884 839 2949 is,
858 2899 912 2951 quo
930 2883 957 2936 ia
971 2883 1085 2953 Europa
1097 2882 1284 2952 antiquiorem
1301 2883 1406 2937 nullum

267 2979 375 3032 exstare
394 2977 568 3032 consentiens
591 2994 701 3048 semper
723 2976 868 3033 doctorum
891 2977 944 3030 fuit
967 2975 1073 3046 opinio,
1100 2993 1236 3045 quemque
1260 2977 1336 3030 omni
1358 2995 1406 3030 sno

266 3070 366 3125 merito
387 3070 454 3141 ipsis
478 3071 625 3125 Pandcctis
647 3070 813 3126 Florentinis
835 3071 1054 3140 aequipararent
1080 3069 1133 3125 viri
1159 3070 1318 3125 doctissimi.
1355 3070 1406 3124 De-

266 3164 385 3235 scriptus
402 3164 449 3219 ille
462 3163 514 3218 fuit
525 3164 554 3218 in
571 3165 659 3220 veteri
677 3166 848 3230 membrana,
865 3163 976 3232 integer
988 3163 1108 3232 quidem,
1127 3163 1189 3230 sed,
1208 3166 1238 3217 ut
1250 3165 1407 3234 apparebat

266 3275 281 3312 e
295 3258 438 3324 vestibrdo,
457 3260 520 3313 octo
539 3257 675 3314 duntaxat
692 3259 828 3330 primores
840 3257 949 3312 fabulas
961 3257 1040 3312 initio
1052 3256 1158 3325 habuit,
1178 3257 1266 3312 donec
1278 3275 1296 3312 a
1307 3256 1406 3322 scriba,

263 3352 395 3422 imperito
417 3351 465 3407 illo
487 3352 553 3406 licet
575 3353 659 3420 atque
681 3351 793 3407 indocto
821 3350 953 3421 rupioone
976 3349 1133 3417 clostrario,
1160 3351 1232 3406 aliae
1259 3351 1406 3405 duodecim

264 3446 364 3514 Plauti,
382 3463 438 3500 una
456 3461 518 3499 cum
536 3445 752 3516 hypobolimaeo
769 3443 920 3512 Amalune,
939 3445 997 3499 sivo
1016 3443 1136 3510 Querolo
1149 3444 1248 3499 Gildae
1266 3443 1405 3514 Sapientis

264 3539 403 3605 Britanni,
431 3554 529 3608 prorso
552 3540 581 3593 et
603 3539 682 3593 clodo
706 3539 778 3608 pede
800 3537 916 3608 scripta,
947 3557 979 3592 ac
1000 3538 1137 3593 Plautinis
1161 3538 1316 3592 Comoediis
1336 3538 1406 3591 inibi

264 3633 431 3702 praemissa,
461 3632 591 3702 deinceps
614 3632 740 3688 adiectae
762 3633 882 3688 fuerunt.
919 3633 1055 3702 Expertus
1077 3648 1187 3700 quoque
1211 3633 1272 3684 erat
1293 3632 1365 3686 liber
1382 3631 1405 3685 is

264 3744 377 3782 manum
394 3727 548 3782 recensoris
565 3742 620 3780 non
639 3726 750 3780 omnino
768 3726 912 3780 ineruditi:
935 3725 1011 3780 cinus
1028 3725 1145 3796 proinde
1164 3723 1403 3780 emendationibus

264 3837 464 3892 saepenumero
483 3819 633 3875 admodum
651 3819 740 3874 adiuti
757 3819 858 3874 fuimus
875 3819 903 3873 in
922 3819 1118 3888 investiganda
1138 3833 1206 3873 vera
1227 3835 1261 3872 ac
1283 3817 1404 3886 genuina

264 3913 391 3970 lectione.
428 3913 472 3968 Ad
490 3914 594 3969 calcem
616 3913 681 3968 libri
699 3915 849 3968 observare
867 3916 941 3980 erat,
965 3912 1083 3966 eundem
1105 3929 1177 3966 anno
1197 3911 1403 3966 1512811100-

264 4010 325 4064 tcre
355 4007 477 4064 Martino
506 4007 629 4064 Polichio
658 4007 846 4063 Mellcrstedio
878 4005 1105 4076 [Mellemtatensi
1134 4004 1241 4059 Franco
1268 4009 1311 4062 ed.
1341 4005 1401 4074 111,

263 4103 354 4172 primo
377 4101 544 4157 Academiae
566 4101 820 4171 Wittenbergensis
842 4101 974 4168 Restare,
1006 4103 1035 4155 et
1056 4098 1135 4154 Pauli
1156 4097 1259 4152 Melissi
1283 4097 1401 4158 Schedii.

264 4195 429 4253 Germaniae
447 4197 558 4251 nostrae
576 4195 695 4262 Phoebi,
713 4195 853 4264 qnondam
870 4195 1013 4264 populari,
1032 4194 1104 4248 dono
1122 4190 1218 4246 datum
1236 4191 1318 4247 trisse
1335 4191 1401 4247 Vito

263 4291 387 4359 vetlem,
404 4292 541 4346 bonarum
557 4288 715 4344 litterarum
733 4289 761 4343 in
780 4288 930 4343 Academia
947 4287 1084 4358 lipsiensi
1100 4285 1258 4356 professori.
1283 4285 1306 4339 E
1325 4285 1400 4339 cuius

263 4385 455 4442 loculamentis
478 4383 599 4440 librariis
626 4383 821 4454 depromptum
845 4381 917 4436 hunc
947 4381 1070 4436 codicem
1099 4379 1231 4434 ldieaelus
1253 4378 1400 4449 Retingius
