3300 5102
273 313 340 378 250
616 329 840 378 euossuuivu
862 331 1076 380 oulvmuvu.

275 488 401 549 exstare
434 485 500 548 sive
534 491 638 549 nevolo
673 485 739 549 sive
771 492 885 550 novelle
912 506 973 549 nec
996 484 1207 552 demonstrari
1230 490 1336 572 potest
1356 510 1417 554 neo

276 598 389 680 suapte
422 597 538 659 nature
570 594 637 658 veri
671 595 776 660 simile
812 599 870 660 est.
934 593 976 659 Vt
1007 616 1072 659 non
1107 597 1186 661 mihi
1224 601 1418 681 persuaserit

277 705 454 772 Guilelmus
480 704 661 791 Wagnerus
675 705 861 770 Aulularice
885 703 987 770 editor
999 705 1242 792 (Cantabrigiae
1265 729 1294 772 a.
1321 709 1416 796 1866)

275 817 310 881 in
322 815 365 900 ΙΙ,
382 816 413 900 4,
438 816 613 901 iprobans
627 815 765 880 Goelleri
788 816 955 881 inventum
970 821 1027 882 Pol
1046 817 1075 881 si
1093 824 1160 897 quis
1181 824 1268 882 uellet
1289 831 1326 898 le,
1343 823 1418 885 locuit

274 933 403 992 novellos
435 927 546 991 diuidi:
576 925 631 990 ubi
664 926 725 991 etsi
757 926 889 991 minime
921 926 1029 1010 placet
1060 927 1143 1011 quod
1176 931 1225 992 est
1245 929 1280 992 in
1304 930 1415 995 codici·

275 1039 335 1102 bus
358 1043 444 1101 haud
464 1057 523 1102 nou
547 1043 652 1116 velles,
678 1033 787 1102 tamen
810 1059 903 1121 quem
932 1037 1122 1102 admodum
1144 1037 1280 1104 Cesinee
1302 1039 1361 1123 ΠΙ,
1384 1041 1416 1124 5,

275 1147 318 1213 59
352 1133 462 1232 (supie
485 1150 505 1229 ξ
531 1147 583 1232 16)
616 1154 752 1213 nolebam
786 1147 917 1212 transiit
948 1149 982 1213 in
1014 1153 1147 1213 volebam
1179 1168 1256 1231 nou,
1290 1149 1337 1213 ite
1365 1149 1418 1216 hic

275 1257 384 1322 nescio
417 1280 459 1322 an
481 1260 1042 1341 [1111111111Ρο6εἰᾳιιίευεὶῐείῑέιὶ,
1075 1263 1162 1322 luco
1181 1265 1275 1324 nolles
1307 1261 1404 1325 (1ίυίἀί
1409 1283 1417 1324 :

196 1427 197 1432 ,
275 1368 371 1452 plane
394 1369 431 1431 ut
452 1370 501 1432 est
521 1367 701 1433 Trinummi
722 1367 763 1450 V,
787 1367 818 1450 2,
842 1369 884 1433 33
908 1369 1009 1452 (1157)
1034 1373 1121 1433 immo
1143 1373 1228 1433 houd
1249 1377 1329 1434 nolo.

360 1477 403 1543 29
419 1485 690 1560 pausillolim:
727 1478 856 1562 Epidici
878 1478 921 1562 H,
944 1479 975 1562 2,
1000 1479 1052 1561 63,
1076 1500 1154 1562 quos
1175 1500 1285 1543 versus
1310 1479 1418 1544 multi·

276 1587 378 1654 modis
401 1590 547 1673 affeetu,
577 1610 615 1652 ex
637 1593 729 1672 perte
751 1590 816 1653 iam
837 1587 964 1674 Proleg.
988 1611 1020 1673 p.
1044 1587 1229 1654 LXXXVII
1250 1591 1415 1674 tractatos,

276 1698 356 1765 duce
379 1700 593 1764 Ambrosiuno
616 1699 724 1765 codiee
746 1701 793 1764 sic
813 1698 881 1764 fere
904 1699 1072 1763 emendare
1093 1699 1218 1764 licebit:

362 1866 479 1937 ‘Quism
501 1867 588 1926 focile
610 1870 641 1926 et
663 1886 754 1943 quam
775 1867 928 1925 fortunate
950 1866 1050 1926 evenit
1067 1855 1125 1938 nli,
1148 1869 1179 1924 te
1201 1866 1332 1940 obsecro,

359 1953 488 2025 Mulieri,
512 1971 602 2028 quam
623 1952 750 2010 liberere
771 1951 836 2012 volt
858 1952 1000 2010 ametor)
1024 1949 1179 2026 ‘quisnam
1201 1951 1226 2010 is
1250 1951 1314 2011 est?

360 2031 477 2113 'Inquit
499 2037 593 2095 alteru
614 2037 669 2095 ssli.
692 2036 736 2095 ibi
757 2037 810 2095 ille
831 2036 967 2095 nominet
989 2035 1245 2111 Strathippoclem

361 2121 542 2197 Periphanai
564 2120 672 2181 filium.
695 2122 751 2180 Pe.
774 2121 872 2180 hercle
893 2122 986 2196 perii:
1015 2120 1089 2196 quid
1112 2139 1167 2196 cgo
1190 2139 1226 2178 ex
1248 2123 1278 2179 te
1301 2121 1418 2180 audio?

298 2206 432 2266 EP.Hoc
454 2206 535 2282 quod
559 2209 698 2266 actumst.
722 2209 841 2284 egomet
862 2209 1025 2281 postquam
1052 2204 1083 2262 id
1106 2205 1174 2263 illas
1197 2206 1300 2266 audivi
1322 2207 1416 2283 loqui,

363 2290 455 2366 Coepi
476 2310 595 2350 rursum
617 2291 739 2351 vorsum
761 2291 798 2348 ud
821 2291 888 2349 illas
910 2289 1095 2366 pausillutim
1118 2290 1265 2364 accedere,

362 2375 454 2445 uulsi
475 2377 643 2435 retruderet
664 2375 733 2434 med
753 2375 910 2434 hominum
930 2379 976 2435 vls
992 2375 1131 2434 invitum.
1153 2375 1210 2432 PE.
1231 2373 1416 2453 intellego.*)

277 2531 448 2597 Emollitas
479 2530 602 2596 adscita
623 2553 639 2596 s
659 2532 767 2596 littere
794 2533 913 2596 formas
937 2530 1097 2614 (similiter
1119 2533 1214 2613 utque
1236 2531 1271 2595 in
1292 2539 1420 2597 sescenti

279 2641 413 2727 aliisque
435 2641 517 2706 Mus.
541 2640 646 2705 Rhen.
670 2640 700 2706 X
722 2663 754 2724 p.
777 2641 842 2706 455
870 2641 1068 2725 disceptatis)
1092 2640 1166 2706 libri
1187 2642 1328 2706 Plautini
1352 2664 1417 2706 non

278 2773 352 2816 raro
374 2754 559 2817 servarunt:
579 2757 743 2831 pausillum
767 2752 830 2834 (vel
848 2759 1046 2831 pausillulum
1068 2753 1192 2835 potiuS,
1216 2756 1252 2815 ut
1272 2751 1350 2816 mihi
1373 2752 1417 2816 vi-

278 2885 349 2928 sum
383 2865 444 2944 est)
477 2860 596 2925 Bacch.
631 2859 688 2944 IV,
723 2863 753 2944 l,
786 2862 828 2926 35
851 2862 956 2946 (833),
988 2869 1121 2941 pausillo
1142 2861 1237 2926 Most.
1260 2861 1318 2944 IV,
1346 2861 1416 2945 1,8

278 2973 378 3057 (866),
413 2970 516 3037 Stichi
548 2971 574 3055 Ι,
607 2971 638 3054 3,
672 2972 711 3035 21
746 2972 844 3056 (175),
874 2977 1072 3052 pausillulum
1104 2971 1188 3037 Rud.
1211 2971 1277 3054 111,
1310 2972 1342 3054 4,
1375 2971 1418 3035 24

279 3083 379 3166 (729),
404 3080 505 3148 Stichi
527 3081 553 3164 Ι,
577 3081 608 3164 3,
632 3081 652 3145 9
675 3081 774 3164 (163),
798 3081 892 3146 Tiuc.
916 3080 956 3165 V,
980 3081 1032 3162 48,
1051 3088 1249 3161 pausillisper
1262 3081 1357 3146 Truc.
1374 3081 1415 3164 V,

279 3194 329 3259 21.
354 3191 475 3260 Ceteris
497 3191 660 3275 exemplis,
685 3193 711 3255 si
733 3196 819 3256 reete
841 3191 1007 3256 numeravi
1028 3191 1186 3275 undecim,
1210 3191 1244 3256 in
1267 3190 1318 3255 his
1335 3212 1414 3271 pou-

277 3309 409 3372 oillolim
431 3302 515 3367 Rud.
549 3302 609 3384 IV,
644 3301 675 3384 2,
698 3301 740 3365 24
763 3301 862 3385 (929),
897 3302 1051 3366 usitatum
1082 3324 1106 3367 :c
1128 3301 1269 3366 litteram
1301 3300 1416 3366 substi-

278 3417 411 3480 tuerunt
431 3411 564 3476 librarii.

285 3579 477 3590 ῥ-

347 3677 372 3744 *)
400 3673 661 3731 Distribuendomm
678 3693 820 3738 versuum,
849 3691 918 3744 quoe
942 3675 1022 3729 valde
1045 3675 1173 3730 turbatos
1190 3674 1278 3729 Vetus
1296 3675 1416 3742 exhibet,

279 3782 406 3824 normam
428 3769 559 3840 praebuit
578 3769 785 3823 Ambrosianus.
826 3767 858 3821 V.
881 3775 890 3821 l
917 3773 943 3826 le
966 3766 1061 3822 addidi
1106 3767 1172 3821 Η
1196 3769 1314 3825 Mulieri
1334 3787 1417 3837 quom

279 3866 403 3922 liberare
422 3865 480 3920 uoll
496 3862 592 3916 Ambr.
612 3865 726 3920 mulieri
742 3863 865 3920 liberare
883 3860 943 3927 (sed
960 3877 1023 3915 eam
1040 3876 1136 3916 vocem
1154 3878 1191 3914 m.
1209 3877 1262 3918 sec.
1281 3860 1416 3928 additam)

282 3959 371 4026 Quom
390 3958 451 4014 uull
467 3954 554 4010 Vetus
589 3954 620 4010 V.
640 3963 656 4010 ³
674 3957 723 4012 illo
740 3953 846 4021 Ambu,
865 3968 918 4008 om.
938 3953 1026 4008 Vetus
1072 3955 1302 4022 stratlippoclem
1320 3953 1415 4008 Ambr.

281 4051 484 4120 slrulippoclen
497 4047 585 4104 Vetus
646 4047 679 4102 V.
693 4053 710 4102 4
726 4048 863 4118 Perifoni
878 4047 974 4102 Ambr.
993 4047 1170 4116 periplounuc
1193 4045 1281 4100 Vetus
1342 4051 1419 4156 pedrii

280 4172 376 4228 hercle
388 4171 505 4236 uterque
557 4166 589 4222 V.
604 4173 620 4222 5
632 4169 706 4237 quod
717 4173 810 4224 uelum
822 4175 865 4224 esl
877 4165 974 4221 Ambr.
994 4173 1142 4234 quocclum
1153 4164 1240 4219 Vetus
1252 4183 1304 4234 pr.,
1316 4183 1416 4234 quoae

172 4260 175 4268 ’
282 4271 403 4321 lumsec.
455 4269 603 4332 postquam
620 4263 651 4318 iol
666 4260 762 4315 Ambr.
780 4267 845 4329 posi
863 4261 901 4317 ibi
917 4259 1003 4314 Vetus
1054 4257 1116 4311 V.6
1135 4275 1250 4315 uersum
1268 4257 1364 4312 Ambr.

280 4357 455 4427 pausillulim
473 4354 567 4409 Ambr.
586 4355 767 4424 polexillulim
786 4352 873 4406 Vetus
941 4352 974 4405 V.
995 4357 1010 4408 l
1028 4351 1170 4408 hominum
1188 4367 1231 4407 mc
1249 4351 1365 4418 uterque
