3300 5102
707 1349 861 1460 Vlll.

379 1551 660 1648 Enonlodones
689 1549 908 1643 llunalorls
940 1545 1188 1662 Plautinus)

707 1789 858 1801 —--

298 1943 523 2010 Prooemiandi
547 1943 697 2028 quoniam
726 1941 868 2007 officium
891 1941 1008 2023 instat,
1033 1938 1123 2004 deest
1144 1939 1259 2020 otium,
1288 1959 1354 2004 non
1372 1955 1403 2003 ιιι

216 2055 415 2121 ambitiosius
444 2054 605 2138 anquisito
632 2053 790 2118 floridiora
818 2050 1055 2118 commentandi
1077 2053 1267 2136 argumento
1299 2049 1354 2112 ali-

216 2166 291 2250 quid
314 2189 351 2229 ex
375 2165 420 2229 eis
443 2164 559 2229 litteris
581 2164 772 2248 delibamus,
803 2163 837 2228 in
860 2164 973 2250 quibus
997 2185 1068 2228 eum
1090 2161 1226 2227 maxime
1249 2161 1355 2226 studia

216 2279 326 2342 nostra
347 2276 483 2340 servent·
514 2275 653 2340 Fervent
668 2279 774 2340 autem
788 2279 825 2340 ut
839 2275 945 2339 solent
966 2272 1122 2359 (diutinus
1143 2274 1228 2336 enim
1250 2270 1353 2358 labor)

215 2387 250 2450 in
283 2409 347 2450 una
379 2385 603 2452 Plautinarum
641 2386 821 2451 fabularum
853 2390 900 2450 ita
932 2383 1143 2450 instauranda
1178 2405 1237 2469 pro
1269 2382 1354 2447 virili

216 2499 325 2581 parte,
353 2499 390 2560 ut
412 2499 445 2560 et
467 2496 628 2561 commode
656 2495 719 2581 legi
743 2501 776 2562 et
798 2497 961 2581 aliquanto
990 2496 1106 2561 rectius
1135 2517 1230 2580 quam
1252 2493 1354 2558 adhue

216 2607 362 2692 intellegi
390 2606 500 2690 possit.
547 2605 634 2682 Quae
662 2611 712 2672 est
739 2607 959 2691 Mercator,
990 2607 1112 2672 minore
1139 2605 1195 2669 illa
1216 2605 1353 2690 quidem,

217 2717 244 2781 si
263 2739 335 2782 oum
352 2716 423 2781 aliis
446 2717 619 2801 confertur,
644 2718 853 2783 admiratione
876 2718 985 2803 digna,
1008 2740 1074 2782 non
1089 2717 1244 2782 minorem
1259 2738 1354 2800 quam

216 2826 386 2912 pleraeque
409 2826 488 2891 artis
511 2849 619 2892 auram
642 2827 808 2914 flagitans:
835 2831 961 2893 tantam
983 2832 1111 2912 tamque
1133 2827 1254 2891 variam
1276 2825 1354 2891 haec

217 3047 334 3114 inertia
363 3048 468 3113 labem
495 3049 605 3114 traxit.
649 3049 763 3135 Ilqua
786 3051 933 3116 vitiorum
961 3051 1190 3134 vulnerumque
1212 3047 1354 3112 mullitu-

218 3158 291 3223 dine
326 3181 398 3224 cum
426 3158 490 3222 alia
516 3160 731 3245 perplexiores
763 3161 905 3226 rationes
940 3161 1081 3226 habeant
1115 3160 1354 3244 uberioremque

217 3268 468 3354 disputationem
497 3270 676 3355 requirant,
708 3271 772 3336 alia
797 3271 868 3362 pari
896 3271 1096 3358 simplicitati
1124 3271 1280 3336 brevitate
1303 3291 1354 3333 ex·

217 3379 320 3463 pediri
343 3401 436 3464 posse
458 3379 638 3466 videantur,
661 3381 754 3446 huius
775 3405 834 3448 nos
857 3382 994 3468 generis,
1018 3382 1102 3447 unde
1125 3383 1221 3448 etiam
1244 3381 1354 3466 quiin

217 3489 420 3575 philologieis
441 3488 558 3555 litteris
586 3514 652 3557 non
679 3492 829 3557 habitant
850 3492 945 3558 faoile
968 3493 1086 3578 aliquid
1109 3491 1281 3578 voluptatis
1305 3513 1352 3556 oa·
1430 3573 1431 3578 ἵ

217 3599 324 3684 piant,
348 3600 491 3684 quamvis
512 3602 661 3686 pusillam
683 3604 873 3688 particulam
897 3603 1033 3669 strictim
1055 3625 1288 3690 persequemur.

302 3768 351 3833 Ao
373 3768 483 3834 statim
505 3771 539 3836 in
562 3771 688 3856 limine,
718 3773 777 3839 hoc
805 3778 854 3838 est
874 3775 909 3839 in
931 3777 1203 3862 Argumentornm
1225 3775 1353 3840 fabulae

216 3879 463 3964 praemissorum
485 3903 522 3946 eo
544 3885 626 3968 quod
649 3906 714 3950 non
738 3885 951 3952 acrostichum
974 3890 1032 3970 est,
1053 3888 1123 3972 ipse
1144 3887 1266 3972 primus
1287 3908 1353 3951 ver-

218 4011 270 4054 sus
292 3989 371 4056 facit
394 3993 430 4054 nt
450 3991 646 4059 haereamus.
692 3995 756 4059 Vbi
778 3997 861 4083 quod
882 3997 1033 4084 vulgatur

222 4165 416 4173 —-—-—-——

286 4262 312 4330 *l
348 4262 536 4342 [Prooemium
566 4265 667 4322 Indicis
699 4268 855 4324 scholarum
884 4247 1052 4325 aestivarum
1073 4271 1259 4326 Bonnensium
1289 4269 1354 4325 anni

219 4352 444 4410 CIOIOCGCLIV.
466 4387 494 4397 -
513 4357 627 4413 Editmn
645 4360 730 4416 otiam
747 4361 775 4416 in
794 4363 1012 4419 ‘Prooemiornm
1030 4364 1214 4420 Bonnensium
1232 4364 1353 4421 Deeado'

219 4465 289 4518 quae
306 4445 412 4520 prodiit
428 4447 549 4505 Beroliui
568 4452 642 4523 apud
659 4455 680 4511 I.
700 4455 912 4528 Gnltentagium
930 4476 955 4514 a.
976 4457 1216 4530 merbeccam]
