3300 5102
271 341 334 406 256
613 355 835 406 ouossuarvu
857 341 1084 405 ruuvrruvu.'

271 510 377 573 minus
399 508 540 572 iambum
563 508 723 592 aequabat
737 531 831 592 quam
850 510 1058 574 subst'tutum
1073 510 1108 574 iu
1123 509 1191 573 eius
1205 509 1311 573 locum
1333 514 1410 574 uere.

270 619 421 684 Posterae
437 619 563 683 demum
578 620 679 684 aetati
701 619 824 702 placuit
839 621 886 684 ita
908 620 967 685 has
987 620 1107 684 formas
1130 620 1339 705 distinguere,
1363 623 1410 703 ut,

270 730 327 795 ubi
348 729 533 814 pyrrhichio
559 731 759 814 opacasset,
784 735 856 794 dere
882 731 1048 814 probaret,
1077 736 1147 794 derr'
1171 735 1313 795 servaret
1334 730 1412 794 iam·

271 841 343 905 bico
365 861 511 904 numero:
534 861 596 924 quo
618 862 695 904 saue
717 839 802 904 viam
823 833 995 924 paraverat
1017 841 1235 924 corripiendae
1262 840 1297 904 in
1324 862 1411 905 scae-

272 951 346 1016 nica
373 949 461 1033 poesi
488 951 554 1014 sive
583 955 651 1014 lrerr'
671 951 739 1014 sive
760 956 832 1014 luere
853 951 975 1016 formae
997 952 1101 1016 venia.
1131 989 1173 1000 —
1201 951 1349 1016 Ceterum
1377 951 1411 1014 in

273 1060 464 1126 comicorum
486 1081 545 1124 usu
567 1059 761 1143 explorando
790 1061 935 1126 consulto
962 1083 1049 1126 nune
1075 1061 1291 1145 substitimus,
1321 1083 1411 1146 prae·

271 1170 427 1236 termissis
456 1192 568 1254 parum
595 1169 767 1234 fructuosis
795 1173 938 1236 vetemm
965 1173 1192 1257 magistrorum
1220 1171 1410 1255 praeceptis,

272 1303 354 1366 quae
377 1279 553 1364 composita
574 1280 673 1345 habes
695 1281 731 1344 iu
746 1279 867 1345 Handii
889 1280 1070 1347 Turselliuo
1092 1287 1115 1346 t.
1132 1282 1181 1346 Ill
1203 1306 1233 1366 p.
1257 1282 1298 1346 62
1320 1303 1368 1366 sq.

356 1393 398 1457 53
420 1397 667 1455 altrinsecus:
690 1388 848 1455 Rudentis
863 1390 920 1474 IV,
936 1392 968 1474 4,
994 1393 1055 1455 114
1077 1391 1188 1478 (1158)
1211 1396 1282 1457 Pdsl
1303 1397 1412 1456 altrin-

271 1504 369 1568 secdst
395 1507 567 1567 securicula
593 1503 731 1580 duclpes‚
763 1507 871 1596 itidem¹
896 1503 1010 1566 adrea:
1046 1502 1092 1566 sic
1119 1504 1204 1567 enim
1226 1503 1305 1567 duce
1327 1500 1411 1566 Pris-

273 1613 366 1678 ciano
387 1612 435 1677 Vl
456 1634 488 1696 p.
514 1613 575 1676 725
605 1612 677 1694 (281
703 1610 759 1696 H.)
787 1612 1002 1702 scribendum.
1047 1613 1168 1678 Eadem
1196 1613 1303 1697 glossa
1324 1612 1412 1677 infra

272 1726 424 1807 excerpta
445 1725 495 1787 est
517 1725 536 1803 ξ
559 1722 601 1786 54
623 1745 639 1784 e
662 1720 766 1785 Milite
793 1721 874 1807 glor.
898 1722 947 1805 ΙΙ,
970 1723 1007 1805 5,
1030 1721 1071 1788 36
1095 1722 1184 1808 (446)
1208 1725 1279 1803 quin
1302 1730 1413 1788 retines

274 1836 461 1911 altrr'rrsecus,
487 1833 564 1912 §62
580 1855 596 1894 e
613 1830 790 1896 Mercatore
813 1831 853 1915 V,
868 1834 900 1915 4,
920 1835 958 1898 16
981 1834 1072 1918 (977)
1096 1855 1152 1913 eqo
1173 1836 1318 1899 desistam
1340 1838 1412 1897 lu'nc

274 1947 460 2019 altrinsecus,
485 1946 506 2024 8
528 1943 570 2007 69
592 1965 608 2007 c
630 1940 789 2006 Pseudulo
811 1942 870 2025 ΙΠ,
895 1944 925 2026 2,
951 1945 991 2008 73
1014 1943 1106 2028 (862)
1129 1945 1160 2008 td
1183 1956 1281 2009 teneto
1303 1946 1410 2008 allrr'n-

273 2076 367 2121 secus.
399 2053 445 2118 Vt
465 2074 531 2118 non
554 2052 656 2136 possit
677 2073 743 2116 non
765 2054 857 2138 gravi
880 2053 1047 2117 offensioni
1070 2074 1139 2118 csse
1161 2054 1301 2118 eiusdem
1316 2053 1412 2118 Pseu-

274 2164 340 2229 duli
361 2165 467 2228 versui
488 2163 520 2247 Ι,
543 2166 579 2247 3,
607 2164 665 2228 123
688 2164 778 2248 (357)
808 2162 969 2227 adhibitus
998 2163 1051 2228 hic
1080 2167 1231 2229 accentus
1253 2165 1410 2242 Pseddule,

274 2281 386 2340 adsiste
400 2277 589 2340 dllrr‘msdcus
604 2286 695 2353 alque
708 2277 802 2338 daero
816 2280 897 2338 dunc
911 2276 1086 2339 maledicas.
1105 2281 1155 2338 PS.
1172 2281 1244 2340 licet
1252 2298 1259 2338 :
1285 2274 1412 2359 quaudo

275 2385 326 2448 vix
348 2385 458 2449 licebit
479 2385 518 2448 dc
540 2384 706 2468 diremptis
721 2390 823 2448 allrr'm
844 2405 930 2449 secus
952 2384 1113 2449 vocabulis
1137 2385 1290 2470 cogitare.
1328 2383 1412 2448 Huic

256 2495 375 2580 'igitur
396 2494 597 2560 incommodo
618 2517 682 2579 qua
703 2494 822 2559 mederi
846 2495 1028 2559 coniectura
1051 2517 1147 2560 ausus
1162 2495 1234 2578 sim,
1257 2495 1328 2560 vide
1343 2495 1412 2558 Mu·

274 2605 319 2668 sei
342 2604 492 2670 Rheuaui
516 2608 538 2670 t.
562 2604 626 2670 Vll
648 2628 679 2690 p.
702 2605 765 2670 476
787 2603 1015 2690 significatum.

357 2716 402 2780 In
417 2714 548 2780 Milite
570 2715 758 2801 glorioso.
802 2715 844 2778 54
867 2723 1117 2782 altrinsecus:
1140 2715 1182 2800 ΙΙ,
1199 2717 1231 2800 5,
1248 2717 1289 2781 36
1305 2715 1412 2801 (446)τ

273 2826 346 2892 vide
369 2825 410 2890 ad
433 2829 453 2907 8
476 2827 527 2892 53.

356 2939 398 3004 55
420 2939 672 3018 compsissr'me
693 2936 851 3020 probabili
874 2937 937 3001 nisi
959 2936 1054 3001 fallor
1078 2938 1262 3003 coniectura
1284 2936 1412 3002 alibro-

271 3071 343 3114 rum
358 3048 504 3133 vestigiis
519 3047 678 3112 Martinus
695 3046 844 3111 Hertaius
867 3047 960 3130 eruit,
984 3047 1016 3112 h.
1033 3070 1059 3112 e.
1077 3048 1307 3132 superlativum
1328 3050 1409 3111 tam-

272 3180 368 3244 quam
390 3181 410 3221 a
431 3162 564 3238 κομψῶε
586 3159 708 3222 factum
738 3161 787 3241 (ut
815 3161 942 3242 praeter
970 3157 1034 3222 alia
1059 3159 1096 3225 iu
1127 3157 1188 3223 hac
1211 3158 1281 3241 ipsa
1303 3157 1413 3222 fabula

274 3275 375 3336 dulice
397 3273 429 3333 et
449 3275 621 3334 comoedica
646 3268 824 3355 graecissat
855 3270 981 3353 poeta),
1016 3290 1088 3332 cum
1121 3289 1180 3352 ego
1206 3275 1415 3348 compassione

274 3380 472 3464 scripsissem
493 3377 607 3443 Militis
630 3377 694 3461 III,
718 3381 754 3462 3,
778 3379 819 3444 66
843 3380 950 3466 (941),
978 3379 1034 3443 ubi
1056 3381 1088 3442 et
1109 3377 1303 3461 vulgabatur
1327 3382 1413 3457 depr·-

274 3492 393 3554 dr'ssr'me
413 3501 442 3554 el
463 3491 627 3554 combsime
648 3491 773 3567 consido
795 3491 1002 3572 cousrrtdrurq
1027 3492 1059 3552 et
1074 3487 1157 3552 idem
1173 3508 1251 3551 sanc
1273 3488 1308 3551 in
1322 3485 1414 3551 Pala·

275 3600 417 3664 tinorum
438 3600 591 3666 memoria
612 3600 707 3666 latet.

359 3711 401 3776 56
423 3718 600 3778 cordate:
638 3709 707 3774 Mil.
730 3709 787 3794 IV,
811 3711 841 3794 2,
866 3711 906 3774 96
930 3710 1040 3795 (1088)
1065 3712 1270 3790 usqueadeo,
1296 3715 1415 3774 audin?

276 3824 369 3888 diecto
391 3828 527 3888 adorea
549 3825 684 3887 corddte.
715 3827 774 3886 Ml.
798 3834 831 3886 ut
851 3843 906 3887 cor
927 3829 957 3884 er'
975 3823 1074 3898 sdlr'al.
1120 3819 1275 3886 Similiter
1295 3827 1414 3900 saplen-

276 3947 331 4012 ler,
356 3937 443 4012 ddcle
463 3946 492 3997 el
512 3937 640 3998 cordate
660 3935 690 3996 c'l
711 3943 778 3996 cale
799 3933 921 3996 sociata
943 3934 1019 3995 sunt
1040 3929 1175 3995 Poenuli
1196 3930 1227 4014 Ι,
1254 3932 1282 4014 1,
1305 3931 1336 3994 3.

359 4043 404 4109 Iu
419 4043 656 4108 Mercatore.
685 4043 725 4107 57
742 4049 938 4122 ampliter:
961 4041 1086 4127 prologi
1102 4040 1159 4106 99:
1182 4041 1254 4105 vide
1270 4040 1310 4105 ad
1326 4043 1346 4122 ξ
1364 4038 1412 4104 13.

359 4153 401 4218 58
423 4161 545 4219 neuls:
569 4152 611 4217 ib.
634 4151 661 4236 Ι,
684 4151 715 4234 2,
737 4152 779 4217 39
802 4151 909 4238 (15Ο)ε
939 4150 1011 4216 vide
1033 4152 1073 4216 ad
1096 4155 1116 4234 ξ
1139 4152 1190 4216 28.

359 4264 402 4328 59
420 4271 619 4344 cultatim:
643 4262 741 4326 Mero.
765 4262 791 4344 Ι,
808 4263 838 4345 2,
863 4263 904 4326 92
927 4262 1017 4348 (205)
1044 4266 1129 4338 Qudd
1146 4269 1289 4340 curcurim
1312 4265 1415 4326 edula-

276 4382 376 4456 bescr'l,
400 4377 487 4456 qudsr'
507 4381 538 4438 r‘u
561 4395 672 4452 aquam
695 4374 844 4439 indideris
865 4380 967 4438 saleru.
