3264 5082
606 378 627 424 1.
659 377 963 426 uaunscumsrnu.
1337 364 1354 427 7

203 535 379 616 habemus;
409 532 535 596 scilicet
563 531 772 616 Amphitruo,
803 531 970 615 Asinaria,
1002 531 1182 614 Aulularia,
1212 533 1355 616 Captivi,

206 643 374 708 duodecim
399 645 509 706 autem
532 664 571 706 ex
592 641 697 724 lucre,
723 643 784 706 hae
806 645 897 706 sunt:
926 639 1119 726 Bacchides,
1143 641 1353 726 Mustellaria,

206 753 431 836 Menaechmi,
455 752 549 818 Miles
572 751 753 835 Gloriosus,
777 750 947 835 Mercator,
971 751 1157 835 Pseudolus,
1181 751 1353 836 Poenulus,

207 865 315 948 Persa,
340 863 487 947 1111111111,
511 862 650 946 Stichus,
674 861 891 946 Trinummus,
915 862 1137 927 Truculentus.
1182 863 1252 927 Has
1275 885 1354 930 non-

206 976 281 1040 dum
310 975 428 1059 aliquis
457 973 680 1058 transcripsit,
714 994 817 1056 neque
851 973 936 1038 enim
969 995 1077 1038 earum
1106 974 1230 1058 copiam
1261 974 1354 1039 nobis

206 1086 287 1150 facit
302 1084 503 1151 Cardinalis:
525 1087 635 1148 tamen
658 1082 762 1148 adhuc
786 1083 893 1148 nullus
908 1087 1036 1168 praeter
1052 1106 1102 1148 me
1118 1085 1221 1168 petiit.
1259 1083 1354 1150 Liber

206 1201 256 1261 est
277 1195 342 1260 illis
366 1194 486 1260 litteris
508 1193 649 1279 antiquis
672 1193 841 1278 corruptis,
866 1193 975 1278 quales
997 1198 1073 1258 sunt
1094 1195 1296 1278 Quintiliani,
1322 1199 1355 1260 et

204 1307 309 1370 multo
337 1306 373 1370 in
400 1305 512 1370 multis
540 1303 665 1368 desunt.
711 1302 786 1368 Non
812 1303 930 1368 faciam
958 1304 1146 1388 transcribi,
1175 1307 1237 1370 nisi
1264 1306 1353 1390 prius

206 1417 279 1480 illas
301 1417 428 1502 legero,
458 1419 555 1499 atque
583 1413 814 1479 emendavero:
844 1436 920 1478 nam
948 1414 1012 1479 nisi
1035 1415 1094 1480 viri
1117 1416 1233 1481 eruditi
1255 1439 1353 1480 manu

205 1527 402 1608 scribantur,
426 1524 552 1589 inutilis
575 1525 637 1588 crit
657 1523 757 1588 labor.
795 1523 915 1589 Verum
938 1525 1062 1590 decrevi
1085 1529 1254 1610 expectare
1276 1550 1353 1611 pau·

204 1637 289 1720 lum,
319 1639 494 1720 antequam
522 1634 657 1718 amplius
685 1634 724 1699 de
752 1634 802 1699 his
824 1634 936 1719 loquar
958 1635 1138 1720 Cardinali;
1167 1659 1239 1702 cum
1267 1638 1354 1702 enim

204 1747 395 1832 instigatur,
419 1746 584 1828 tumescit,
606 1744 736 1809 silentio
758 1766 808 1809 res
824 1745 955 1810 vilescet
970 1746 1055 1830 apud
1071 1753 1165 1812 eum’
1203 1747 1352 1833 Poggio's

210 1855 376 1922 Wilnsche
405 1855 523 1921 sollten
550 1856 627 1920 aber
654 1853 738 1920 noch
765 1854 881 1940 linger
909 1855 1081 1940 getiuscbt
1110 1857 1253 1940 werden,
1288 1859 1352 1923 rmd

205 1969 265 2032 wir
286 1969 420 2032 kilnnen
449 1989 510 2031 uns
536 1989 589 2032 um
617 1989 653 2030 so
675 1965 820 2050 weniger
847 1987 911 2030 von
940 1966 996 2030 der
1018 1967 1256 2052 vollsttndigeu
1279 1969 1353 2032 Mit-

204 2079 360 2164 tbeilung
392 2079 498 2142 seiner
528 2068 646 2142 darauf
676 2074 889 2161 beziiglichen
916 2076 1045 2162 lssagen
1078 2078 1270 2162 entbinden,
1305 2078 1352 2143 als

204 2188 344 2254 manche
361 2189 610 2274 Aensserungen
628 2185 685 2252 auf
696 2184 931 2270 Verh'a'ltnisse,
956 2187 1007 2252 die
1028 2187 1082 2252 filr
1102 2210 1223 2253 unsern
1238 2188 1351 2254 chck

205 2298 487 2364 beachtenswerth
501 2299 584 2382 sind,
609 2297 663 2362 ein
678 2295 896 2362 erwansehtes
912 2297 1007 2362 Licht
1021 2299 1154 2364 werfen.
1192 2299 1231 2363 In
1247 2300 1351 2364 einem

204 2433 280 2475 rom
313 2411 334 2475 3
362 2408 550 2494 September
586 2407 698 2494 (1430)
733 2407 875 2473 datirten
902 2408 1010 2474 Briefe
1043 2407 1114 2494 (IV,
1145 2410 1182 2473 11
1217 2432 1248 2493 p.
1273 2411 1350 2496 320)

205 2521 351 2586 schreibt
373 2542 423 2586 er:
453 2519 518 2584 ‘De
539 2518 656 2583 Plauto
684 2517 766 2583 nihil
794 2519 845 2604 egi
875 2520 958 2603 quod
981 2541 1144 2602 cuperem:
1178 2525 1351 2606 antequam

206 2631 388 2697 Cardinalis
419 2629 611 2712 discederet,
639 2629 769 2714 rogavi,
799 2633 836 2694 ut
863 2629 1041 2694 dimitteret
1066 2628 1199 2714 librum3
1232 2632 1349 2698 noluit:

205 2765 273 2807 non
302 2741 452 2826 intelligo
486 2740 669 2822 hominem,
703 2739 829 2804 videtur
857 2740 918 2804 sibi
945 2761 1012 2804 rem
1040 2762 1192 2824 magnam
1224 2741 1349 2826 fecisse,

207 2874 279 2917 emo
300 2856 413 2916 tamen
435 2851 516 2916 nihil
539 2850 644 2935 operis
667 2851 717 2914 sui
740 2849 886 2914 attulerit
901 2849 941 2913 ad
957 2850 1024 2914 eius
1036 2850 1271 2934 inventionem,
1295 2853 1350 2916 sed

207 2963 239 3027 id
262 2963 348 3048 agit,
376 2963 415 3027 ut
435 2984 492 3046 per
514 2961 612 3025 alium
635 2963 780 3044 repertus
802 2961 981 3025 occultetur
1002 2960 1043 3024 ab
1064 2982 1116 3024 eo:
1145 2960 1211 3025 dixi
1234 2964 1266 3025 ct
1288 2962 1349 3026 sibi

209 3076 240 3136 et
261 3073 337 3156 suis,
360 3093 412 3136 me
434 3094 600 3157 nunquam
622 3071 759 3156 amplius
781 3071 898 3135 librum
921 3070 1096 3155 petiturum
1105 3071 1160 3141 ,ab
1175 3093 1226 3154 θος
1250 3075 1281 3136 11
1303 3072 1349 3136 ita

208 3185 276 3248 liet:
299 3183 386 3248 malo
409 3181 580 3265 dediscere,
605 3181 688 3266 quod
711 3181 817 3265 didici,
842 3203 938 3266 quam
957 3203 1015 3265 per
1035 3181 1102 3245 cius
1116 3181 1214 3246 libros
1230 3181 1349 3266 aliquid

208 3293 351 3358 ‹liscere’
397 3292 537 3357 Endlich
559 3295 654 3356 unter
676 3292 748 3356 dem
770 3292 929 3357 6Januar
945 3291 1024 3356 1431
1049 3291 1120 3375 (IV,
1145 3293 1182 3356 17
1206 3293 1348 3376 [133911

207 3402 374 3467 ‘Plautum
397 3401 554 3468 hactenus
582 3425 648 3467 non
675 3403 764 3486 potui
786 3403 919 3484 babere,
948 3423 1035 3466 nnnc
1057 3402 1084 3466 si
1106 3423 1248 3485 possem,
1281 3403 1348 3466 nol-

206 3512 282 3596 lem;
318 3511 535 3597 polliceorque
571 3513 632 3576 tibi
668 3535 719 3576 me
755 3533 919 3598 nunquam
952 3511 1089 3595 amplius
1121 3512 1296 3595 petiturum
1330 3536 1348 3576 a

207 3621 387 3707 Cardinali,
416 3645 519 3707 neque
546 3623 702 3688 lecturum
730 3623 800 3688 istis
828 3623 931 3687 tribus
954 3623 1065 3706 annis,
1095 3622 1193 3686 etiam
1215 3623 1242 3686 si
1264 3621 1348 3687 ultro

208 3734 442 3799 concederetur.
494 3733 733 3800 Transcribitur
765 3733 874 3816 modo,
908 3732 1053 3817 donoque
1088 3731 1234 3797 mittetur
1266 3731 1348 3798 Duci

206 3841 430 3929 Mediolani5),
458 3845 513 3928 qui
536 3865 608 3908 eum
634 3865 692 3928 per
720 3844 844 3908 litteras
870 3840 1056 3927 postulavit.
1101 3841 1246 3907 Marchio
1269 3843 1346 3908 item
1366 3860 1413 3907 159

206 3951 452 4040 Ferrariensisl)
475 3954 584 4038 petiit:
612 3953 741 4018 dabitur
765 3953 846 4036 illis,
870 3952 926 4018 sed
940 3953 987 4017 ita
1010 3955 1192 4037 corruptus,
1216 3955 1253 4016 ut
1274 3974 1347 4017 vere

270 4229 297 4294 a)
315 4224 463 4295 ‘Philippo
480 4223 601 4280 Mariae’
621 4223 738 4280 Tenelli.

270 4321 296 4387 6)
316 4317 480 4374 ‘Leonellue
497 4317 636 4372 Estensis’
660 4319 776 4374 Tenelli.
812 4319 890 4374 Nach
912 4319 1009 4374 Mehus
1032 4319 1139 4374 steckte
1158 4317 1275 4374 Guarini
1293 4333 1347 4372 von

206 4407 316 4468 Verona
343 4411 484 4468 dabinter.
514 4439 547 4450 -
576 4410 643 4468 Eine
666 4429 721 4468 von
743 4411 851 4479 diesen,
874 4412 942 4466 oder
964 4412 1024 4468 cine
1047 4429 1118 4482 ganz
1142 4411 1269 4468 1111111111
1289 4413 1345 4466 Ab·
