3300 5102
262 333 325 398 270
537 365 538 369 =
568 363 572 372 ¹
604 351 825 402 onossaarvn
847 353 1060 402 rnavrmvu.

262 510 295 566 id
326 503 447 568 scribas
472 527 542 568 eum
565 505 738 570 editoribus
749 509 780 588 ΙΙ)
810 507 860 570 vel
889 529 927 570 ex
962 514 1079 587 post-id
1099 511 1211 572 natum
1234 509 1399 592 arbitrere,

261 613 344 697 quod
377 615 483 698 potius
514 621 632 694 posti-d
664 617 709 696 (h.
734 639 760 680 e.
779 598 927 699 pos-ic-ci)
949 617 1013 680 fuit
1034 619 1227 702 antiquitus,
1261 619 1340 683 satis
1363 641 1401 684 ea

260 723 477 809 disputatione
513 730 639 790 cautum
671 731 720 791 est
752 749 847 812 quam
883 725 986 792 Musei
1023 727 1173 792 Rhenani
1205 731 1229 792 t.
1259 728 1339 793 VIII
1366 753 1398 814 p.

262 835 322 898 156
344 857 413 920 sqq.
439 835 509 901 coll.
534 836 598 900 VII
618 860 650 921 p.
673 838 736 902 574
758 859 826 922 sqq.
850 837 1015 921 pertexuit·
1043 859 1125 922 quae
1146 839 1273 922 quidem
1294 839 1400 923 dispu-

258 945 340 1010 tatio
362 946 461 1011 etiam
482 946 523 1010 ad
546 947 723 1031 proximam
745 952 893 1012 antiitoc
914 947 1054 1032 glossam
1076 949 1225 1033 pertinet.

346 1057 407 1122 100
428 1063 614 1122 catiliano
643 1059 765 1122 formae
797 1057 914 1122 mirum
946 1060 995 1122 est
1016 1080 1116 1123 unum
1137 1059 1198 1158 hoe
1220 1061 1400 1144 exemplum

259 1166 532 1252 aglossographo
565 1169 687 1252 notari,
725 1172 762 1233 nt
794 1189 875 1252 quae
907 1169 1040 1232 noviens
1072 1168 1157 1253 apud
1179 1167 1329 1234 Plautum
1351 1193 1400 1236 re-

259 1277 408 1360 deatffl:
445 1279 550 1364 magis
581 1278 696 1342 mirum
729 1279 813 1363 quod
840 1278 873 1342 in
897 1281 966 1343 tota
989 1277 1099 1343 Sticho
1120 1279 1231 1344 fabula
1253 1281 1309 1345 illa
1331 1283 1399 1366 qui-

258 1387 331 1451 dem
348 1409 505 1472 nusquam
527 1388 656 1473 legitur,
690 1389 746 1452 sed
767 1389 864 1453 semel
887 1393 1027 1460 aniciae.
1043 1467 1046 1472 Ι
1061 1389 1155 1472 idque
1179 1411 1215 1454 eo
1237 1390 1307 1474 ipso
1329 1391 1399 1456 loeo

258 1519 351 1583 quem
382 1498 475 1563 modo
508 1499 751 1583 perscripsimus
784 1500 884 1578 §99:
922 1499 975 1563 ubi
999 1499 1039 1563 ad
1060 1521 1209 1564 numeros
1231 1523 1273 1564 ne
1294 1505 1399 1585 potest

257 1608 385 1694 quidem
418 1615 565 1674 acridiae
602 1609 833 1674 accommodari
862 1609 926 1673 nisi
954 1612 987 1673 et
1012 1609 1165 1696 pinguius
1188 1613 1314 1675 etcum
1337 1613 1398 1677 ele-

257 1719 388 1802 gantiae
410 1719 602 1784 detrimcnto
623 1720 670 1784 sic
692 1720 924 1804 transpositum
946 1723 983 1784 Si
1001 1723 1058 1786 to'c
1080 1725 1198 1794 educis,
1220 1725 1351 1801 proinde
1365 1736 1398 1788 ui

257 1831 403 1894 calidioris
434 1831 616 1908 concuciu'r,
655 1833 796 1896 ce'leriier
819 1869 869 1894 -.
901 1828 947 1893 Vt
969 1829 1047 1893 illud
1069 1851 1135 1894 non
1157 1851 1226 1894 esse
1248 1854 1265 1896 e
1289 1832 1396 1898 codice

257 1943 434 2024 sumptum,
468 1940 523 2004 sed
545 1961 583 2003 ex
606 1940 832 2024 intempestiva
854 1939 1074 2004 recordatione
1097 1939 1232 2005 aliorum
1254 1943 1394 2008 locorum

256 2071 313 2134 per
345 2049 593 2136 imprudentiam
622 2053 736 2114 natum
768 2050 924 2115 videatur.
946 2087 990 2099 —
1023 2049 1171 2116 Ceterum
1192 2053 1396 2117 memorabile

256 2164 315 2244 est,
351 2183 447 2246 quam
480 2161 562 2224 miro
595 2163 848 2244 temperamento
880 2164 913 2224 et
941 2163 1104 2246 tamquam
1126 2161 1263 2245 quadam
1284 2163 1395 2228 incon·

255 2271 395 2335 stantiae
427 2269 607 2355 pervicacia
637 2291 740 2334 sermo
761 2269 930 2334 Plautinus
953 2271 1068 2355 probet
1089 2277 1237 2337 cotidiae
1256 2279 1395 2354 postidea

254 2381 384 2464 formas,
408 2381 538 2466 ignoret
557 2380 628 2464 pari
650 2403 778 2465 prorsus
802 2381 952 2465 analogia
966 2381 1065 2446 fultas
1077 2388 1240 2462 postidtac
1254 2389 1393 2466 aolidem

254 2491 369 2576 probet
388 2497 492 2572 postici
510 2496 623 2571 postibi
637 2497 762 2571 postilio
781 2497 937 2570 postillac,
964 2492 1094 2576 ignoret
1114 2497 1203 2558 antid
1223 2498 1320 2558 ratiti
1339 2515 1393 2557 oa-

254 2608 321 2666 iilio
345 2609 483 2668 untilluc.
518 2600 625 2676 Quid?
647 2601 730 2686 quod
753 2622 793 2666 ne
816 2613 908 2665 anteo
930 2602 1057 2685 quidem
1080 2603 1236 2668 adscitum
1252 2607 1310 2688 est,
1333 2625 1394 2669 nec

254 2711 359 2796 ipsum
381 2722 541 2793 arcicanum
564 2715 635 2796 (pro
657 2733 718 2795 quo
742 2715 926 2776 constanter
941 2720 1121 2793 priusquam
1136 2713 1276 2797 dicitu),
1299 2714 1393 2800 idque
1429 2786 1435 2798 .

320 2995 345 3062 ¹²)
375 2993 491 3048 Praeter
516 3011 550 3048 ea
578 3011 649 3062 quae
673 3011 757 3063 supra
779 2991 871 3063 posita
892 2993 979 3047 habes
998 2993 1125 3063 exempla
1141 2996 1238 3063 portici
1255 2993 1393 3066 scriptura

252 3087 426 3141 restituenda
451 3087 541 3141 Aulai.
560 3087 606 3152 IV,
626 3093 671 3152 10,
691 3093 721 3141 19
748 3089 849 3144 Pestici
873 3090 901 3144 si
926 3090 1063 3156 depr-eim·
1087 3089 1192 3155 simus,
1220 3087 1392 3146 excusemus

252 3181 398 3238 ebrios-
416 3195 450 3234 ex
468 3179 598 3235 Guilelmi
610 3179 746 3249 Wagneri
764 3178 958 3234 emendatione
977 3181 1016 3248 (in
1030 3180 1072 3234 ed.
1088 3180 1309 3250 cantabrigiensi
1327 3181 1392 3236 anni

253 3277 342 3341 1866);
373 3273 434 3328 Cas.
458 3273 528 3345 prol.
552 3281 585 3329 33
607 3273 742 3342 Diphilus
766 3275 850 3330 Hunc
870 3275 974 3342 praece
997 3277 1129 3344 scripsit,
1154 3277 1252 3344 pistici
1273 3293 1391 3334 rursum

251 3369 345 3424 diaeo
374 3367 474 3425 Latiae
502 3369 625 3424 Plautus
655 3389 699 3432 -;
729 3365 789 3422 Cas.
813 3368 838 3434 I,
861 3374 893 3421 42
919 3368 1021 3426 Posiid
1040 3385 1103 3425 cum
1127 3369 1224 3426 luscus
1245 3371 1342 3439 steria
1364 3376 1392 3427 ei

250 3462 404 3529 sumeiicas
421 3483 467 3526 -;
486 3460 573 3515 Stichi
591 3461 611 3526 l,
624 3467 647 3525 2,
660 3467 692 3514 ΙΙΙ
706 3462 760 3528 (86)
778 3462 881 3518 Parim
897 3464 984 3530 ipiiur
1001 3459 1113 3528 deinde,
1133 3470 1163 3519 ui
1181 3466 1293 3520 animus
1311 3464 1391 3520 meas

251 3557 321 3621 erit,
343 3554 453 3624 [acirim
471 3557 569 3624 palum
586 3576 631 3619 -;
659 3553 736 3608 Trin.
755 3553 793 3620 11,
812 3560 840 3620 4,
860 3559 908 3608 128
926 3557 996 3622 (529)
1022 3554 1131 3620 Pociid,
1151 3557 1293 3625 frumenti
1309 3574 1390 3625 quom

230 3677 231 3680 ¹
251 3647 321 3704 ciiiti
337 3651 437 3706 messis
455 3648 620 3706 minumus!
642 3670 686 3714 —;
712 3647 793 3702 Tmo.
811 3647 845 3714 ΙΙ,
864 3655 888 3714 4,
906 3653 938 3701 67
956 3647 1058 3706 Posiid
1074 3665 1124 3716 eqo
1143 3655 1243 3716 tecum,
1262 3649 1326 3706 mea
1345 3667 1390 3706 uo·

250 3743 355 3810 inpias,
375 3743 463 3811 risque
482 3759 531 3799 ero
550 3771 582 3782 —
604 3759 639 3796 ax
656 3740 750 3795 Bothii
768 3739 974 3808 emendatione,
997 3740 1034 3796 ib.
1055 3739 1101 3808 IV,
1121 3747 1149 3807 2,
1167 3747 1199 3795 oi
1222 3743 1324 3800 Poriid
1339 3759 1390 3812 eoo

251 3837 365 3891 maurim
383 3842 409 3892 ie
423 3839 538 3893 iniciam
555 3835 739 3905 quadrupuii,
755 3833 888 3903 venifica,
908 3834 938 3887 ut
955 3833 1108 3888 rectissime
1120 3833 1313 3890 Fleckeisenus
1331 3852 1389 3890 cor·

249 3927 322 3982 rexit
338 3927 414 3984 Misc.
439 3928 499 3982 crit.
518 3946 546 3998 p.
565 3934 605 3984 36.
648 3927 787 3981 Vsitatam
808 3925 835 3980 ei
856 3927 951 3982 sedem
974 3926 1050 3982 vides
1076 3927 1106 3980 in
1130 3926 1267 3997 principio
1293 3945 1388 3984 versus

250 4037 322 4076 esse:
351 4023 449 4076 contra
471 4023 556 4090 atque
578 4029 695 4092 pericu,
719 4020 741 4074 si
762 4035 818 4074 non
836 4035 959 4090 semper,
982 4023 1013 4074 at
1034 4021 1093 4075 fera
1122 4037 1232 4090 semper
1259 4021 1388 4076 ultimum

249 4131 342 4169 versus
359 4115 451 4170 locum
469 4113 815 4184 occupat,·paenultimum
831 4113 995 4183 plerumque
1010 4116 1151 4184 postidea,
1170 4117 1290 4172 interca.

315 4209 356 4276 **)
374 4209 445 4264 Tam
458 4211 551 4264 autem
565 4225 599 4264 ea
610 4207 731 4262 insolens
750 4206 828 4261 Italis
847 4206 948 4262 critias
966 4207 1027 4274 fuit,
1045 4209 1077 4260 ut
1094 4221 1193 4262 novem
1210 4206 1278 4262 locis
1295 4208 1387 4278 singu-

248 4303 282 4357 lis
300 4302 457 4372 Lipsiensis,
476 4301 596 4371 quinque
614 4299 699 4356 etiam
718 4299 804 4354 editio
821 4299 951 4371 princeps
969 4303 1092 4359 onisirae
1108 4299 1310 4355 substttnerint.
1336 4301 1387 4358 Pa·

247 4395 397 4452 latinarum
415 4395 580 4466 scripturam
597 4393 703 4465 primus
722 4391 896 4449 Camerarius
913 4393 1017 4462 ubique
1036 4394 1149 4466 recepit.
