3300 5102
561 305 783 354 cnossisuvu
807 305 1021 352 nnuvniuvu.
1299 285 1360 350 251

308 463 350 526 30
370 467 553 540 icrpiier:
598 459 724 545 Epidici
747 459 813 541 ΙΙΙ,
837 460 874 542 4,
898 459 956 541 49,
991 479 1123 543 quorum
1145 479 1293 522 versuum
1316 461 1367 523 sat

222 595 340 658 graves
362 571 474 636 trubsc
497 575 530 636 et
551 571 696 652 lacunae,
720 569 830 654 qucles
852 568 954 633 Vetus
976 567 1132 651 habet*),
1157 589 1265 632 rursus
1289 569 1366 632 Am-

223 682 366 748 brosiani
388 683 543 747 beneficio
565 682 612 746 sic
633 681 835 744 removentur
856 678 1059 744 felicissime:

329 841 478 917 Equidem
507 839 605 898 hercle
633 841 790 916 argentum
812 856 867 912 pro
889 837 945 896 hiso
967 837 1045 896 dedi.
1068 837 1122 895 Mi.
1146 838 1239 897 stulte
1261 837 1366 895 datum

328 925 421 998 Redr,
444 927 600 1000 peccatum
620 924 754 1001 lingiter.
783 922 838 980 Pe.
860 923 951 980 immo
973 921 1047 980 haec
1068 924 1141 980 eost.

329 1011 407 1070 Nem
429 1013 546 1069 servom
567 1009 651 1082 misi,
675 1009 728 1084 qui
749 1007 836 1066 illum
858 1009 964 1066 scoteni
987 1007 1078 1078 solet,

329 1096 430 1154 Meum
452 1096 593 1170 gnitum:
617 1094 641 1152 is
664 1094 729 1168 ipse
748 1093 825 1151 hanc
847 1091 1013 1151 destinavit
1035 1091 1198 1151 fidicinam.

246 1181 306 1240 Mi.
331 1180 388 1238 Em
410 1181 479 1238 istic
501 1179 590 1237 homo
612 1181 643 1236 te
665 1177 847 1237 erticuiitim
869 1176 1014 1248 concidit,
1037 1195 1135 1248 senex,

331 1265 411 1323 Tuos
434 1267 545 1323 servos.
567 1263 622 1321 Pu.
648 1263 700 1338 qui
724 1261 875 1321 concidit?
911 1262 964 1318 Mi.
987 1260 1029 1320 sic
1051 1260 1225 1335 suspiciosi:

330 1349 408 1408 Nem
431 1348 485 1424 prd
507 1347 628 1406 fidicine
648 1347 721 1406 haec
743 1349 828 1406 cerva
851 1345 1039 1421 suppositist
1060 1341 1178 1422 risisti)

225 1497 348 1561 Eadem
370 1495 478 1581 glossa
499 1494 586 1559 infra
608 1493 692 1558 redit
716 1497 736 1574 i*
759 1491 801 1558 38
824 1515 841 1557 e
863 1492 1077 1560 Mostellariee
1099 1491 1148 1576 Π,
1171 1491 1208 1575 2,
1232 1491 1251 1556 8
1275 1492 1366 1578 (438)

227 1610 355 1688 Edepol,
381 1610 534 1685 Neptune,
554 1608 724 1684 peccavisti
743 1607 886 1683 Idrpiier,
917 1605 1012 1686 etque
1035 1605 1055 1682 ς
1077 1602 1116 1666 41
1142 1623 1159 1666 e
1180 1600 1367 1667 Truculenti

227 1717 268 1800 V,
294 1718 330 1780 ll
354 1737 447 1780 versu
469 1715 515 1779 sic
536 1715 600 1778 nisi
621 1712 716 1778 failor
743 1713 941 1778 restituendo
963 1712 1068 1794 ‘Opust
1094 1719 1208 1777 nutrici
1235 1713 1367 1777 accitum

227 1839 260 1892 m
281 1832 392 1891 debeat
419 1829 526 1891 oeteis
548 1832 613 1889 etsi
638 1823 855 1907 idrpiter***):
883 1844 945 1906 quo
967 1821 1095 1906 quidem
1119 1821 1367 1886 constructionis

228 1957 347 2020 genere
376 1936 474 2000 etiem
501 1934 585 1998 liud.
609 1933 666 2016 IV,
690 1934 726 2016 4,
753 1933 814 1996 144
836 1933 947 2018 (1188)
978 1935 1077 1996 Cre'do
1098 1938 1205 2012 edepol
1225 1953 1281 2012 epo
1303 1934 1368 1999 illic

228 2053 323 2110 inesse
344 2053 417 2110 auri
436 2049 527 2124 dique
549 2043 628 2126 (non
650 2047 692 2126 ei)
715 2051 838 2123 arpenti
857 2045 995 2122 dispiter,
1019 2038 1199 2126 ibidemque
1221 2041 1262 2126 V,
1277 2043 1309 2126 2,
1325 2041 1367 2108 28

229 2157 339 2241 (1315)
362 2159 492 2236 idrpiier
513 2157 661 2219 mercedis
682 2154 852 2235 indipiseor
873 2175 948 2218 usus
974 2156 1023 2216 cst
1045 2156 1150 2236 poeta.
1196 2152 1366 2238 Brevioris,

229 2287 325 2349 quam
346 2268 475 2349 postera
497 2267 585 2330 aetus
607 2284 707 2348 prope
723 2263 823 2327 solem
845 2263 1003 2346 probavit,
1027 2270 1115 2341 icrpc
1129 2263 1252 2327 formes
1268 2285 1368 2328 unum

230 2374 315 2458 apud
338 2375 474 2440 eundem
498 2373 677 2457 exemplum
701 2377 749 2437 est
771 2373 846 2437 Aul.
869 2373 912 2456 ΙΙ,
936 2373 972 2456 2,
999 2373 1037 2436 19
1060 2376 1184 2437 Nemini
1203 2375 1296 2438 credd
1317 2381 1371 2454 pei

229 2492 317 2565 impe
337 2488 478 2550 tIdndcsi
499 2490 583 2548 dices
601 2485 743 2564 pcdperi.

297 2671 323 2739 *)
336 2669 438 2725 Eerum
450 2669 490 2724 ibi
507 2669 578 2726 heco
589 2669 694 2738 speeies
712 2670 755 2724 est
772 2667 862 2736 (unius
881 2670 974 2724 temen
993 2684 1086 2722 versus
1100 2669 1284 2724 continuitate
1297 2683 1369 2724 com·

231 2763 374 2833 prehensis
392 2762 485 2817 verbis
503 2764 640 2832 Equidem
654 2793 685 2802 -
697 2764 839 2832 icrpiierp

300 2863 437 2932 Equidem
449 2863 541 2918 hercle
554 2864 701 2932 argenium
719 2877 772 2932 pro
784 2863 836 2917 hcc
849 2862 921 2916 dedi.
934 2861 971 2915 M.
986 2861 1070 2917 stulte
1083 2862 1181 2917 dstrm
1192 2879 1256 2918 reor
1268 2865 1296 2918 et
1307 2881 1370 2942 pee-

1131 2933 1225 2984 catum
1242 2933 1367 3000 largiter.

248 2998 279 3052 P.
297 2998 386 3053 Immo
404 2997 474 3053 haec
492 3000 552 3052 eust
568 3013 633 3052 nsm
652 3015 761 3052 seruum
779 2997 841 3052 misi
1052 2997 1101 3067 qui
1118 2997 1219 3052 sectari
1238 3001 1310 3055 solet

297 3066 390 3120 Meum
428 3068 524 3120 netum
541 3066 602 3136 ipse
620 3065 691 3119 hanc
708 3065 848 3120 fidicinem
867 3066 935 3121 emit
1086 3064 1229 3119 fidicinam

248 3133 284 3187 Μ.
298 3133 370 3211 Hem
387 3083 552 3212 idichomo
570 3135 598 3187 tc
617 3133 786 3212 articulatim
804 3134 925 3189 concidit
941 3151 1025 3188 senex
1042 3135 1106 3190 tuus
1124 3154 1228 3192 seruus.

248 3202 278 3256 P.
298 3200 369 3266 de
388 3201 515 3255 concidit.
535 3203 603 3255 Min.
624 3218 664 3256 sio
680 3203 833 3270 suspiciost.

298 3268 371 3323 Nam
388 3286 439 3338 pro
457 3268 568 3324 fidicine
584 3270 654 3324 haec
671 3268 816 3338 subposita
834 3273 878 3323 est
893 3271 930 3336 sii
945 3270 1005 3324 tibi.

233 3388 354 3452 Quorum
376 3405 505 3442 versuum
526 3387 618 3456 primo
635 3388 664 3442 in
682 3390 748 3445 dedi
769 3404 784 3441 e
803 3389 962 3443 correctura
979 3392 1023 3444 est
1039 3396 1052 3447 ι’
1066 3390 1174 3458 littera3
1197 3391 1281 3446 tertio
1305 3395 1371 3448 emit

232 3499 287 3536 non
305 3483 350 3536 est
367 3498 384 3535 e
401 3481 493 3550 prime
510 3497 594 3534 menn
615 3479 761 3551 scriptum,
784 3497 954 3551 quemquem
975 3499 1010 3538 ne
1028 3499 1046 3536 c
1063 3483 1172 3539 novicis
1194 3483 1305 3552 quidem
1323 3484 1371 3539 sd·

233 3573 330 3628 ditum.

300 3668 341 3736 ff)
363 3667 577 3738 Apclimpsesti
594 3668 648 3722 fide
666 3667 743 3722 nulls
759 3667 855 3724 littere
872 3669 981 3736 recessi,
999 3670 1052 3726 nisi
1071 3669 1146 3739 quod
1163 3688 1287 3738 servom,
1307 3678 1371 3728 ireos

234 3777 346 3828 servos,
364 3765 513 3830 suspiciosi
531 3760 628 3830 scripsi
646 3777 697 3831 pro
716 3779 845 3829 servum,
865 3771 931 3820 iem
949 3781 1065 3831 cernue,
1089 3768 1255 3834 suspiciosi,
1279 3761 1371 3832 sprevi

234 3855 327 3908 eutem
345 3857 545 3912 criicuicium.
580 3853 709 3909 Ceterum
728 3873 840 3914 cervam
859 3857 978 3925 apparet
994 3857 1139 3925 tamquam
1157 3856 1278 3924 aliquem
1295 3854 1372 3911 Auli·

234 3947 346 4002 densem
363 3946 497 4016 intellegi.

301 4041 357 4108 m)
382 4041 460 4109 Opus
478 4044 587 4098 nutrici
602 4048 695 4098 crisie
712 4043 815 4100 tutent
832 4047 940 4102 ueteris
958 4045 1030 4102 cimil
1048 4047 1139 4112 apiier
1157 4045 1200 4097 est
1221 4043 1250 4098 in
1270 4043 1372 4099 Decur-

235 4135 303 4198 tam,
323 4134 353 4192 0.
367 4153 394 4191 n.
413 4137 568 4192 ciiuicbeci
585 4139 724 4193 ueterisui
740 4135 781 4192 nii
792 4139 882 4205 apiicr
899 4136 927 4190 in
939 4136 1052 4190 Vetere:
1070 4136 1099 4190 in
1116 4137 1243 4207 Principe
1261 4137 1372 4194 demum

236 4244 269 4281 ex
291 4225 506 4296 interpolatione
530 4228 608 4296 Opus
632 4232 739 4286 nutrici
761 4237 851 4286 utrem
873 4231 982 4287 deieci.
1025 4229 1068 4298 [0.
1092 4234 1212 4298 nutrici,
1242 4232 1315 4289 lucie
1341 4238 1372 4290 ui

236 4321 338 4378 tabeat
354 4319 498 4389 ingeniose
516 4337 605 4391 nuper
623 4321 654 4376 0.
674 4319 826 4392 Seyii'ertus
844 4321 982 4391 Philologi
999 4321 1075 4376 XXV
1092 4341 1119 4393 p.
1138 4325 1208 4392 470.)
