3276 5082
236 269 298 333 246
579 283 798 333 nuosssurvu
824 284 1037 331 ruavrruvru.

237 441 323 504 tibus
347 441 532 523 excerptum
554 442 602 502 est
625 441 690 521 aut,
714 439 843 503 turbato
866 438 994 522 quidem
1017 459 1163 501 versuum
1186 438 1313 521 ordine,
1338 441 1378 502 ud

237 549 296 632 III,
320 549 351 628 5,
373 549 415 614 59
437 551 571 632 spectat,
595 571 688 633 quem
711 549 816 612 locum
839 547 1070 633 impeditiorem
1094 549 1194 612 audeo
1217 549 1307 633 (nam
1323 547 1377 612 ali·

238 658 313 744 quid
336 657 514 724 audendum
536 661 585 724 est
607 661 698 746 sane)
722 658 767 724 sio
789 658 1008 744 redintegrare
1031 657 1252 723 coniectando:

364 783 464 860 Negti
485 800 596 858 ponere
619 783 678 842 tlio
701 783 790 842 modo
813 783 876 841 ullo
898 782 1049 858 proiecto,

365 867 404 926 Ni
427 869 491 926 stae
514 867 589 926 seitt
610 867 697 927 viliori
720 886 781 927 non
804 868 908 926 datum
930 867 976 926 iri.

304 951 461 1027 Sr.Atqui
483 953 632 1028 ingratiis,
655 954 727 1028 quoi
750 971 811 1012 non
832 952 905 1024 volt,
929 953 1023 1011 nubet
1044 952 1142 1012 hddie.

364 1038 443 1097 Nam
465 1039 517 1094 our
538 1055 599 1096 non
622 1055 677 1114 ego
700 1037 732 1095 td
754 1041 933 1112 perpetrem,
957 1037 1038 1113 quod
1061 1033 1128 1116 [ego
1152 1038 1274 1113 occepi,

365 1121 408 1180 Vt
429 1121 525 1179 nubat
547 1121 641 1180 mihi?
662 1121 738 1179 illud
761 1122 882 1197 quidem
904 1122 1057 1181 nolebam:
1082 1033 1195 1201 [immo]

365 1205 476 1266 Nostro
498 1205 588 1264 vilico
613 1201 659 1284 [rit
680 1202 796 1285 nubat]
820 1207 878 1264 Pr.
902 1207 1051 1281 saepicule
1073 1209 1186 1282 piceas.

304 1290 469 1351 ST.Timdr
490 1290 648 1366 praepedit
670 1292 769 1364 verba,
793 1295 897 1351 verum
920 1291 1041 1351 obseord
1064 1291 1112 1351 dic
1139 1288 1214 1368 -*)

1364 1129 1380 1179 5

241 1413 360 1490 Quodsi
377 1414 415 1478 de
431 1412 573 1476 numeris
591 1411 771 1477 bacehiacis
786 1413 839 1477 vix
856 1434 949 1497 posse
960 1414 1099 1478 dubitari
1117 1416 1260 1498 apparet,
1274 1435 1381 1480 conse.-

242 1525 350 1609 quitur
361 1521 581 1608 refragantem
591 1522 621 1586 ei
632 1525 733 1586 metro
744 1530 931 1602 saepiuscule
941 1523 1078 1588 formam
1090 1545 1107 1588 e
1120 1528 1268 1608 corrupto
1279 1546 1380 1589 exem·

242 1634 325 1721 plari
337 1633 481 1698 hausisse
496 1632 777 1717 glossographum:
793 1653 852 1697 nee
868 1633 954 1698 huno
969 1637 1106 1717 tantum,
1123 1634 1179 1698 sed
1190 1634 1287 1698 etiam
1297 1633 1381 1700 Pris-

243 1746 370 1810 cianum
385 1744 434 1808 III
448 1766 479 1827 p.
496 1743 555 1808 611
573 1743 651 1827 (104
665 1741 722 1825 Η.)
738 1741 879 1806 indidem
894 1743 973 1808 haeo
988 1743 1219 1828 proferentem:
1241 1755 1274 1810 ut
1289 1751 1382 1818 nabal

242 1861 332 1920 milri:
344 1860 423 1919 illud
432 1859 551 1933 quidem
563 1858 695 1918 volebam
708 1865 811 1918 aestro
822 1860 919 1918 vilico.
932 1860 1120 1934 saepiuscule
1125 1875 1247 1934 peccas.
1264 1853 1382 1938 Exqui-

243 1964 385 2029 sitiorem
406 1969 557 2044 saepicule
571 1963 708 2027 formam
729 1963 826 2026 etiam
843 1963 985 2047 Appuloi
1006 1963 1145 2027 imitatio
1170 1964 1381 2028 commendat.

327 2074 372 2138 ln
395 2072 643 2139 Cistellaria.
678 2074 715 2136 17
738 2078 1013 2138 nudiussextus
1029 2074 1125 2158 (quod
1140 2073 1258 2138 rectius
1273 2081 1383 2140 audias

242 2197 347 2251 sextus
376 2183 495 2248 scribes
529 2181 608 2246 duce
630 2182 745 2246 Plauto
767 2182 907 2247 Mosteil.
941 2182 998 2266 IV,
1032 2183 1063 2262 2,
1086 2183 1129 2248 40
1151 2205 1197 2267 sq.
1222 2184 1298 2267 (956
1320 2187 1382 2270 sq.)

244 2298 314 2360 adm
336 2300 406 2358 aeri
426 2304 454 2357 et
476 2297 586 2356 nudius
608 2295 725 2369 tertius,
753 2295 894 2375 Qadrlua
918 2299 1049 2372 quintus,
1072 2295 1176 2358 se'xlus
1197 2296 1303 2378 usquc)
1319 2317 1384 2359 non

245 2407 352 2470 exstat
382 2404 418 2467 in
441 2402 487 2466 eis
508 2423 589 2486 quae
613 2405 750 2467 aetatem
772 2401 916 2466 tulerunt
937 2401 1136 2468 Cistellariae
1159 2404 1316 2487 partibus.
1340 2443 1383 2456 -

245 2514 296 2579 Ad
317 2513 402 2578 idem
424 2533 526 2597 genus
548 2513 713 2595 pertinent
734 2514 754 2592 ξ
777 2511 819 2574 24
840 2517 949 2576 nudius
971 2523 1099 2592 quarlus
1121 2514 1213 2579 Oura.
1237 2513 1264 2597 Ι,
1288 2515 1319 2598 3,
1342 2515 1385 2581 50

245 2623 336 2708 (206)
353 2623 526 2702 parasitum
541 2628 611 2686 misi
624 2622 734 2687 midias
756 2633 884 2701 quartus
897 2625 1033 2706 Cdriam3
1055 2626 1076 2704 ὅ
1098 2623 1141 2686 44
1155 2628 1265 2688 nudius
1281 2635 1385 2690 sealus

245 2733 425 2800 Trinummi
439 2730 498 2813 111,
522 2731 552 2812 2,
579 2731 633 2796 101
655 2732 746 2818 (727)
762 2733 872 2797 midias
886 2745 988 2798 sextus
1002 2734 1075 2812 quoi
1085 2740 1229 2797 talentum
1255 2736 1385 2800 meituom

246 2850 333 2909 Dedi.
379 2842 453 2906 Alia
482 2841 627 2924 exempla
649 2841 818 2925 Epidicus,
853 2842 1016 2924 Ouroulio,
1047 2842 1261 2908 Truculentus
1295 2865 1386 2928 prae-

245 2956 333 3019 bent.
368 2952 516 3016 Formam
537 2951 783 3035 grammaticam
801 2953 896 3038 tetigi
919 2953 1001 3016 Mus.
1015 2951 1118 3016 Rhea.
1135 2951 1198 3017 VII
1214 2976 1246 3037 p.
1259 2953 1322 3018 599
1334 2977 1382 3038 sq.

334 3063 371 3128 18
393 3068 617 3139 summatim,
652 3061 731 3126 item
756 3063 795 3125 19
816 3067 1040 3140 beaipailer
1067 3063 1190 3147 pariter
1212 3061 1252 3126 ad
1275 3061 1385 3128 Cistel-

245 3173 345 3239 lariae
367 3175 423 3236 aut
443 3171 565 3235 laceras
587 3192 719 3236 scaenas
742 3175 799 3235 aut
820 3171 1001 3257 deperditas
1023 3174 1201 3256 pertinent.

330 3283 375 3347 ln
398 3280 647 3348 Curculione.
692 3281 1064 3347 20dexlrouorsum:
1109 3282 1201 3347 Cure.
1224 3282 1251 3365 I,
1277 3283 1312 3366 1,
1347 3285 1388 3348 70

248 3393 316 3479 (70)
339 3395 375 3456 Si
395 3390 466 3456 dc'os
486 3398 613 3474 salutas,
637 3395 868 3458 de'xlrouorsam
889 3396 1005 3457 ccaseo.

315 3563 340 3630 Ι1)
358 3559 447 3615 Versu
464 3565 480 3614 2
498 3577 562 3618 sese
579 3577 631 3630 pro
650 3579 681 3620 se
699 3560 899 3616 Ambrosianus
969 3567 985 3614 3
1004 3567 1086 3629 atque
1104 3564 1228 3630 improlis
1245 3560 1333 3616 Vetas

248 3676 343 3727 qu...
362 3671 425 3709 oum
442 3669 541 3708 rasura
558 3653 657 3708 Vetus:
676 3658 743 3723 quia
760 3671 796 3706 m.
816 3670 869 3708 soc.
929 3655 1038 3722 tpuorl
1054 3657 1134 3722 coepi
1150 3653 1238 3707 Vetus
1299 3659 1388 3724 aqui·

248 3752 311 3806 dem
330 3749 456 3806 uolebam
475 3765 532 3805 noa
549 3750 602 3805 sed
619 3756 716 3804 nostro
736 3748 825 3804 vilica.
848 3747 909 3804 Pa.
932 3747 1062 3814 Sepicule
1082 3762 1186 3815 peccas
1203 3745 1297 3801 Vetus.
1334 3747 1388 3802 Da-

248 3841 382 3896 teriorum
401 3841 526 3895 codicum
547 3840 718 3895 mentionem
735 3838 824 3893 sciens
842 3839 935 3906 omisi;
954 3838 982 3891 in
1000 3837 1187 3893 Arnbrosiano
1205 3843 1297 3895 eutem
1316 3841 1390 3895 ultra

248 3953 274 3990 v.
294 3942 318 4001 3,
336 3934 365 3988 in
384 3950 466 4002 quem
485 3932 588 3987 desinit
604 3931 723 4003 pagina,
747 3931 803 4000 legi
826 3930 895 3985 nihil
912 3930 1011 4002 potuit.
1051 3929 1132 4003 [Sero
1150 3931 1312 3987 recordatus
1329 3951 1389 3988 aum

248 4029 299 4084 hos
316 4045 412 4084 vorsus
430 4026 512 4082 aliter
535 4043 568 4080 ae
590 4027 709 4081 sortasse
732 4024 834 4080 rectius
857 4041 875 4078 a
897 4023 1074 4079 Fleckeiseno
1097 4025 1214 4080 tracturi
1231 4025 1308 4080 Mira.
1328 4026 1387 4082 orit.

248 4141 276 4192 p.
291 4128 331 4176 10.
356 4124 446 4190 Aquo
465 4137 527 4173 oum
539 4121 683 4190 saepicule
701 4119 791 4173 forma
809 4117 953 4172 commode
972 4118 1148 4188 componitur
1158 4117 1281 4173 Andriae
1299 4137 1323 4174 v.
1337 4124 1389 4174 814

250 4214 410 4270 restitutum
431 4215 603 4284 prandicula
632 4215 674 4280 (ut
696 4213 881 4280 prarrdiculos
904 4211 1018 4265 Poenuli
1036 4212 1074 4277 II,
1097 4214 1155 4278 35),
1185 4211 1259 4278 quod
1282 4211 1388 4266 librarii

251 4325 312 4362 cum
331 4306 425 4375 eisque
444 4305 592 4362 Cledonius
610 4305 638 4360 iu
656 4306 865 4375 prandiuscula
883 4303 1101 4374 perverterunt]
