3300 5102
300 282 364 346 412
610 307 656 353 on
679 305 895 356 ausvaauuo
919 309 1137 358 actuosrrcuo

299 475 380 539 quae
403 454 529 540 quidem
551 465 684 524 ridicula
708 460 784 524 alibi
806 467 901 546 poeta
915 469 1097 529 ridicularia
1119 462 1200 526 dixit
1222 462 1314 527 Asin.
1338 463 1381 547 ΙΙ,
1405 467 1435 548 2,

298 565 349 629 64.
380 565 583 653 1“111.Ι,2,
607 570 659 636 28.
688 571 781 636 Truc.
804 573 870 657 ΙΙΙ,
893 575 924 656 2,
954 576 1002 640 ll.
1046 573 1130 638 Illud
1152 574 1236 637 enim
1259 575 1437 660 exemplum

297 675 417 742 imitari
446 685 531 744 certe
554 681 747 766 Argumenti
769 685 906 769 scriptor
936 685 1054 769 potuit:
1077 705 1137 748 nec
1160 684 1246 750 enim
1270 685 1436 750 celandum

296 791 346 852 cst
371 788 406 852 in
428 789 641 857 Ambrosiano
665 795 776 859 codice
797 794 1004 880 palimpsesto
1026 803 1103 874 Iopis
1125 798 1250 860 exstare
1273 817 1331 880 pro
1354 804 1435 880 nias,

297 902 333 963 ut
354 901 389 963 in
412 901 522 966 eadem
543 903 653 968 fabula
675 903 702 987 Ι,
726 905 755 986 3,
779 905 830 970 68.
859 904 902 988 Π,
927 907 956 988 2,
981 907 1033 971 59.
1057 905 1109 970 68.

380 1009 484 1076 Versu
505 1013 673 1078 undecimo
695 1022 724 1080 ei
743 1015 778 1079 in
800 1037 864 1080 uno
878 1016 994 1081 Vetere
1018 1021 1067 1081 est
1089 1019 1121 1080 ct
1142 1039 1160 1080 a
1183 1018 1322 1082 secunda
1340 1025 1436 1083 manu

296 1121 432 1206 quidem,
456 1146 513 1209 pro
536 1147 572 1189 eo
588 1125 670 1211 quod
693 1126 807 1211 reliqui
829 1149 938 1192 omnes
964 1127 1085 1191 habent
1105 1131 1156 1191 sat
1176 1128 1434 1213 memorabiliter,

295 1239 354 1296 ccli
380 1233 443 1316 (vel
465 1238 567 1319 cccli).
611 1235 694 1301 Illud
722 1237 934 1302 c‘codicibus
966 1238 1117 1322 antiquis'
1140 1239 1204 1302 iam
1225 1238 1362 1322 Pylades
1390 1263 1435 1304 re·

295 1343 411 1428 stituit,
435 1349 602 1431 postquam
625 1354 747 1428 picando
769 1353 893 1413 caelibis
915 1349 1043 1432 scripsit
1065 1347 1253 1432 Saracenas,
1280 1373 1369 1430 quum
1392 1359 1439 1416 illi

295 1453 370 1518 Pius
398 1457 514 1540 suasit,
543 1458 653 1543 inepte
681 1462 824 1542 uterque.
869 1457 952 1524 Mira
980 1481 1057 1524 saue
1086 1462 1134 1523 cst
1161 1467 1191 1523 ci
1210 1460 1295 1524 vocis
1323 1461 1358 1524 iu
1379 1468 1438 1527 celi

295 1566 479 1649 depravatio
485 1618 494 1651 ‚
518 1591 613 1653 quam
640 1590 706 1633 nou
727 1567 830 1632 habeo
853 1592 915 1654 quo
939 1571 1032 1635 modo
1055 1570 1207 1636 accidisse
1228 1570 1436 1655 probabiliter

295 1676 518 1743 demonstrem.
565 1677 604 1767 [Ε
633 1683 739 1745 vetere
767 1681 927 1765 scriptura
954 1703 1035 1766 quae
1062 1681 1125 1746 suit
1150 1681 1434 1767 11111οηί1110-

272 1772 444 1853 babiliter
474 1790 604 1874 repetiit
631 1790 846 1855 Buechelerus
878 1791 918 1856 de
946 1791 1026 1856 decl.
1056 1791 1113 1856 lat.
1141 1815 1173 1875 p.
1203 1791 1267 1882 61]
1319 1792 1435 1869 Quodsi

295 1897 501 1964 artificiomm
523 1899 680 1965 machinis
695 1902 886 1987 quibusdam
907 1902 1074 1988 indulgere
1096 1902 1217 1986 liceret,
1242 1904 1377 1988 cogitari
1399 1905 1436 1969 de

295 2008 486 2094 glossemate
506 2015 616 2095 posset
638 2015 671 2076 et
691 2012 779 2076 velut
800 2013 860 2078 hoc
882 2013 1032 2097 proponi:

520 2149 659 2212 omissam
682 2154 772 2214 faciat
794 2155 958 2230 mulierem,
982 2175 1074 2232 quom
1096 2157 1202 2215 caelibi

519 2243 598 2298 sonte
620 2239 712 2300 vicini
735 2241 837 2316 eripiat
859 2260 934 2299 uxor
955 2241 1082 2300 mibme:

294 2391 371 2432 nam
398 2391 463 2434 non
492 2391 564 2433 raro
594 2373 626 2434 et
648 2378 770 2450 quando
791 2353 933 2452 quoidam
956 2393 1042 2453 quom
1069 2394 1137 2436 esse
1159 2377 1341 2457 permutata
1364 2396 1436 2438 con-

295 2480 361 2543 stat
383 2483 415 2543 et
437 2480 471 2546 in
503 2481 573 2565 ipso
595 2504 743 2547 versuum
765 2483 852 2548 exitu
887 2483 1025 2568 aliquam
1053 2484 1103 2548 vel
1130 2483 1285 2568 syllabam
1306 2484 1356 2548 vel
1385 2507 1436 2549 vo-

296 2589 401 2654 culam
427 2590 590 2656 excidisse.
637 2592 697 2658 Sed
726 2598 852 2678 tamen,
889 2617 960 2659 cum
987 2600 1096 2660 caelibi
1120 2616 1186 2659 non
1214 2595 1316 2679 possit
1344 2596 1437 2660 aliter

295 2700 416 2766 dictum
443 2723 511 2766 esse
538 2703 601 2768 nisi
629 2707 666 2769 ut
693 2706 798 2770 valeat
825 2713 937 2788 quippe
964 2713 1016 2786 qui
1035 2711 1153 2770 caelebs
1173 2713 1225 2789 sit,
1249 2705 1310 2771 hoc
1332 2707 1437 2790 ipsum

294 2833 425 2896 prorsus
452 2835 518 2878 non
545 2814 762 2902 intellegimus
791 2840 846 2882 cur
872 2816 1003 2882 tandem
1032 2815 1182 2901 addatur,
1206 2817 1333 2901 quando
1354 2817 1436 2882 nihil

296 2927 344 2988 est
372 2947 427 2990 cur
454 2947 584 2990 uxorem
611 2926 761 2993 habuisse
787 2929 893 3013 potius
923 2951 1018 3013 quam
1040 2949 1106 2991 non
1131 2925 1281 2992 habuisse
1302 2928 1436 2994 militem

295 3036 502 3120 suspicemur.
547 3035 637 3101 Nihil
665 3043 771 3103 autem
798 3039 982 3103 offensionis
1016 3038 1100 3123 apud
1127 3037 1277 3103 Plautum
1310 3039 1436 3125 quidem

296 3147 331 3211 in
352 3147 421 3231 ipso
443 3147 507 3212 fine
529 3170 638 3213 versus
660 3151 800 3234 positum
821 3157 851 3214 ci
870 3149 978 3232 habet,
1003 3149 1129 3235 quando
1149 3171 1215 3214 non
1238 3150 1344 3215 dativo
1366 3155 1435 3232 tan-

294 3261 364 3323 tum
386 3279 463 3364 casu
485 3257 564 3322 dixit
586 3258 654 3324 Mil.
678 3259 736 3345 IV,
759 3261 790 3344 5,
813 3261 849 3326 5:

392 3403 497 3460 verum
519 3405 670 3478 postremo
693 3404 853 3480 impetravi
875 3406 909 3462 ut
931 3403 1022 3475 volui,
1047 3403 1217 3480 donarique
1240 3400 1317 3482 ei:*)

299 3535 500 3549 --...-.-.--

295 3606 461 3674 argumento
479 3619 530 3672 pro
550 3603 693 3660 Ridiculia
711 3610 804 3659 aulem
822 3601 902 3656 video
921 3601 956 3656 ab
976 3602 1006 3655 0.
1021 3601 1157 3670 Seyfferto
1170 3601 1308 3671 Philologi
1327 3609 1346 3656 t.
1360 3603 1436 3656 XXV

296 3717 324 3769 p.
343 3705 393 3754 439
412 3695 601 3752 commendari
620 3697 750 3753 Ridicule
774 3700 799 3754 is
818 3705 910 3754 aulem
933 3717 974 3748 -:
1005 3709 1061 3748 uon
1083 3694 1176 3764 inopte
1199 3694 1228 3748 id
1251 3695 1363 3764 quidem
1387 3715 1437 3767 per

297 3809 334 3858 ee,
352 3791 401 3846 sed
418 3791 468 3846 tali
487 3787 727 3859 argumentatione
745 3789 853 3856 fultum,
872 3789 956 3858 quain
968 3788 1035 3843 satis
1047 3787 1180 3843 admirari
1196 3803 1340 3856 nequeam.
1366 3789 1437 3843 nlud

298 3886 373 3940 enim
391 3887 530 3950 ridiculis,
550 3883 715 3952 Seyffertum
735 3883 758 3938 si
776 3882 912 3948 audimus,
932 3883 1014 3936 ‘litsst
1032 3881 1089 3936 sich
1108 3899 1159 3936 nur
1172 3881 1259 3936 durch
1270 3883 1437 3952 Erginaung

297 3997 351 4034 von
370 3982 460 4036 modis
479 3977 546 4032 odor
564 3977 741 4046 dergleichen
760 3977 914 4031 erklaren’:
937 3975 965 4029 id
984 3975 1059 4045 quod
1076 3977 1135 4030 tam
1152 3974 1304 4030 insolenter
1320 3975 1388 4042 fieri,
1405 3977 1437 4029 ut

297 4070 454 4142 argumenti
468 4069 597 4141 scriptori
615 4071 701 4125 tribui
718 4071 848 4140 nequeat.
871 4069 982 4140 Ergone
1001 4070 1171 4128 ridicularia
1189 4069 1254 4124 sunt
1271 4068 1437 4124 ‘ridicularii

297 4163 408 4220 modi’?
442 4165 485 4218 Aa
503 4181 565 4220 cum
585 4173 667 4219 ‘vera
684 4164 774 4220 talsis’
793 4163 902 4218 misceri
921 4163 1047 4230 dicimus,
1071 4163 1105 4218 dc
1129 4163 1217 4218 ‘veris
1239 4161 1343 4217 modis’
1362 4161 1436 4231 cogi-

296 4262 388 4316 umus
408 4258 455 4327 qui
474 4258 565 4314 ‘salsis
584 4258 686 4314 modis¹
706 4259 907 4329 opponantari]

365 4353 390 4424 ⁸)
422 4351 477 4426 [lbi
494 4351 624 4421 quoniam
643 4351 671 4407 in
689 4351 767 4408 libris
786 4351 866 4406 valde
885 4353 1014 4422 corrupte
1032 4353 1075 4407 cet
1091 4355 1200 4410 douaui
1214 4353 1282 4410 dcrc
1300 4348 1343 4403 vol
1361 4352 1437 4407 douo
