<?xml version="1.0" encoding="UTF-8"?>
<!DOCTYPE html PUBLIC "-//W3C//DTD XHTML 1.0 Transitional//EN"
    "http://www.w3.org/TR/xhtml1/DTD/xhtml1-transitional.dtd">
<html xmlns="http://www.w3.org/1999/xhtml" xml:lang="en" lang="en">
 <head>
  <title>
</title>
<meta http-equiv="Content-Type" content="text/html;charset=utf-8" />
  <meta name='ocr-system' content='tesseract 3.04.00' />
  <meta name='ocr-capabilities' content='ocr_page ocr_carea ocr_par ocr_line ocrx_word'/>
</head>
<body>
  <div class='ocr_page' id='page_1' title='image "./fridericiritsch10wachgoog/fridericiritsch10wachgoog_0448.png"; bbox 0 0 3300 5102; ppageno 0'>
   <div class='ocr_carea' id='block_1_1' title="bbox 621 355 1355 448">
    <p class='ocr_par' dir='ltr' id='par_1_1' title="bbox 621 355 1355 448">
     <span class='ocr_line' id='line_1_1' title="bbox 621 355 1355 448; baseline -0.008 -1"><span class='ocrx_word' id='word_1_1' title='bbox 621 397 754 448; x_wconf 83' lang='lat' dir='ltr'>nrmrrs</span> <span class='ocrx_word' id='word_1_2' title='bbox 778 395 955 446; x_wconf 78' lang='lat' dir='ltr'>oconrosr.</span> <span class='ocrx_word' id='word_1_3' title='bbox 1139 355 1144 364; x_wconf 46' lang='lat'>⁸</span> <span class='ocrx_word' id='word_1_4' title='bbox 1293 373 1355 442; x_wconf 79' lang='grc'>417</span> 
     </span>
    </p>
   </div>
   <div class='ocr_carea' id='block_1_2' title="bbox 301 517 1271 814">
    <p class='ocr_par' dir='ltr' id='par_1_2' title="bbox 301 517 1271 814">
     <span class='ocr_line' id='line_1_2' title="bbox 301 517 1088 640; baseline -0.008 -20"><span class='ocrx_word' id='word_1_5' title='bbox 301 563 411 621; x_wconf 77' lang='lat' dir='ltr'>nomen</span> <span class='ocrx_word' id='word_1_6' title='bbox 433 559 562 635; x_wconf 86' lang='lat' dir='ltr'>surrepti</span> <span class='ocrx_word' id='word_1_7' title='bbox 586 555 693 640; x_wconf 80' lang='lat' dir='ltr'>[pheri]</span> <span class='ocrx_word' id='word_1_8' title='bbox 716 558 761 618; x_wconf 92' lang='lat' dir='ltr'>illi</span> <span class='ocrx_word' id='word_1_9' title='bbox 783 517 862 619; x_wconf 91' lang='lat' dir='ltr'>indit</span> <span class='ocrx_word' id='word_1_10' title='bbox 884 561 937 635; x_wconf 84' lang='lat' dir='ltr'>qui</span> <span class='ocrx_word' id='word_1_11' title='bbox 962 557 1088 618; x_wconf 85' lang='lat' dir='ltr'>domist:</span> 
     </span>
     <span class='ocr_line' id='line_1_3' title="bbox 302 640 1271 725; baseline -0.007 -21"><span class='ocrx_word' id='word_1_12' title='bbox 302 647 476 706; x_wconf 80' lang='lat' dir='ltr'>thesairum</span> <span class='ocrx_word' id='word_1_13' title='bbox 499 641 596 725; x_wconf 87' lang='lat' dir='ltr'>[clam]</span> <span class='ocrx_word' id='word_1_14' title='bbox 621 646 792 705; x_wconf 88' lang='lat' dir='ltr'>abstrusum</span> <span class='ocrx_word' id='word_1_15' title='bbox 814 645 917 704; x_wconf 83' lang='lat' dir='ltr'>tbicns</span> <span class='ocrx_word' id='word_1_16' title='bbox 938 663 1062 722; x_wconf 79' lang='lat' dir='ltr'>peregre</span> <span class='ocrx_word' id='word_1_17' title='bbox 1085 640 1271 701; x_wconf 72' lang='lat' dir='ltr'>Charmides:</span> 
     </span>
     <span class='ocr_line' id='line_1_4' title="bbox 303 725 1170 814; baseline -0.005 -25"><span class='ocrx_word' id='word_1_18' title='bbox 303 733 402 790; x_wconf 83' lang='lat' dir='ltr'>aulam</span> <span class='ocrx_word' id='word_1_19' title='bbox 423 735 572 807; x_wconf 80' lang='lat' dir='ltr'><strong>repertam</strong></span> <span class='ocrx_word' id='word_1_20' title='bbox 594 732 714 806; x_wconf 76' lang='lat' dir='ltr'>plenam</span> <span class='ocrx_word' id='word_1_21' title='bbox 737 731 801 790; x_wconf 87' lang='lat' dir='ltr'>auri</span> <span class='ocrx_word' id='word_1_22' title='bbox 823 730 928 789; x_wconf 76' lang='lat' dir='ltr'>Euclid</span> <span class='ocrx_word' id='word_1_23' title='bbox 952 725 1078 809; x_wconf 87' lang='lat' dir='ltr'>[senex]:</span> <span class='ocrx_word' id='word_1_24' title='bbox 1166 805 1170 814; x_wconf 40' lang='grc' dir='ltr'>Ι</span> 
     </span>
    </p>
   </div>
   <div class='ocr_carea' id='block_1_3' title="bbox 152 860 1397 2588">
    <p class='ocr_par' dir='ltr' id='par_1_3' title="bbox 152 860 1359 1390">
     <span class='ocr_line' id='line_1_5' title="bbox 218 860 1358 947; baseline -0.005 -20"><span class='ocrx_word' id='word_1_25' title='bbox 218 862 312 928; x_wconf 89' lang='lat' dir='ltr'>Most.</span> <span class='ocrx_word' id='word_1_26' title='bbox 339 863 370 928; x_wconf 83' lang='lat'>5.</span> <span class='ocrx_word' id='word_1_27' title='bbox 398 861 484 926; x_wconf 89' lang='lat' dir='ltr'>Men.</span> <span class='ocrx_word' id='word_1_28' title='bbox 511 862 542 926; x_wconf 80' lang='lat'>2.</span> <span class='ocrx_word' id='word_1_29' title='bbox 573 863 604 927; x_wconf 88' lang='lat'>3.</span> <span class='ocrx_word' id='word_1_30' title='bbox 639 861 729 926; x_wconf 88' lang='lat' dir='ltr'>Trin.</span> <span class='ocrx_word' id='word_1_31' title='bbox 760 863 788 926; x_wconf 92' lang='lat'>1.</span> <span class='ocrx_word' id='word_1_32' title='bbox 824 860 897 925; x_wconf 86' lang='lat' dir='ltr'>Aul.</span> <span class='ocrx_word' id='word_1_33' title='bbox 924 863 1004 947; x_wconf 61' lang='lat'>1²²),</span> <span class='ocrx_word' id='word_1_34' title='bbox 1045 881 1180 946; x_wconf 87' lang='lat' dir='ltr'>quorum</span> <span class='ocrx_word' id='word_1_35' title='bbox 1218 861 1358 922; x_wconf 88' lang='lat' dir='ltr'>extremo</span> 
     </span>
     <span class='ocr_line' id='line_1_6' title="bbox 152 965 1356 1058; baseline -0.004 -21"><span class='ocrx_word' id='word_1_36' title='bbox 152 965 162 976; x_wconf 81' lang='grc'><strong>’</strong></span> <span class='ocrx_word' id='word_1_37' title='bbox 217 972 311 1037; x_wconf 86' lang='lat' dir='ltr'>simul</span> <span class='ocrx_word' id='word_1_38' title='bbox 337 972 578 1058; x_wconf 89' lang='lat' dir='ltr'>transponenda</span> <span class='ocrx_word' id='word_1_39' title='bbox 605 979 677 1037; x_wconf 81' lang='lat' dir='ltr'>anri</span> <span class='ocrx_word' id='word_1_40' title='bbox 690 981 815 1054; x_wconf 77' lang='lat' dir='ltr'>plenam</span> <span class='ocrx_word' id='word_1_41' title='bbox 836 973 977 1036; x_wconf 91' lang='lat' dir='ltr'>fuerunt.</span> <span class='ocrx_word' id='word_1_42' title='bbox 1024 971 1146 1036; x_wconf 91' lang='lat' dir='ltr'>Omitto</span> <span class='ocrx_word' id='word_1_43' title='bbox 1174 991 1260 1034; x_wconf 90' lang='lat' dir='ltr'>nunc</span> <span class='ocrx_word' id='word_1_44' title='bbox 1282 969 1356 1052; x_wconf 87' lang='lat' dir='ltr'>alia,</span> 
     </span>
     <span class='ocr_line' id='line_1_7' title="bbox 218 1080 1357 1168; baseline -0.004 -20"><span class='ocrx_word' id='word_1_45' title='bbox 218 1083 258 1148; x_wconf 91' lang='lat' dir='ltr'>dc</span> <span class='ocrx_word' id='word_1_46' title='bbox 289 1083 404 1168; x_wconf 88' lang='lat' dir='ltr'>quibus</span> <span class='ocrx_word' id='word_1_47' title='bbox 432 1086 562 1168; x_wconf 87' lang='lat' dir='ltr'>propter</span> <span class='ocrx_word' id='word_1_48' title='bbox 592 1087 711 1148; x_wconf 87' lang='lat' dir='ltr'>certem</span> <span class='ocrx_word' id='word_1_49' title='bbox 741 1105 886 1148; x_wconf 81' lang='lat' dir='ltr'>caussam</span> <span class='ocrx_word' id='word_1_50' title='bbox 908 1083 1094 1166; x_wconf 80' lang='lat' dir='ltr'>ambiguum</span> <span class='ocrx_word' id='word_1_51' title='bbox 1116 1084 1166 1145; x_wconf 86' lang='lat' dir='ltr'>cst</span> <span class='ocrx_word' id='word_1_52' title='bbox 1186 1080 1357 1145; x_wconf 90' lang='lat' dir='ltr'>iudicium:</span> 
     </span>
     <span class='ocr_line' id='line_1_8' title="bbox 218 1191 1359 1280; baseline -0.004 -20"><span class='ocrx_word' id='word_1_53' title='bbox 218 1198 346 1260; x_wconf 85' lang='lat' dir='ltr'>tanturn</span> <span class='ocrx_word' id='word_1_54' title='bbox 367 1216 460 1280; x_wconf 90' lang='lat' dir='ltr'>spero</span> <span class='ocrx_word' id='word_1_55' title='bbox 475 1194 525 1258; x_wconf 88' lang='lat' dir='ltr'>vel</span> <span class='ocrx_word' id='word_1_56' title='bbox 548 1195 593 1259; x_wconf 89' lang='lat' dir='ltr'>sic</span> <span class='ocrx_word' id='word_1_57' title='bbox 614 1195 693 1258; x_wconf 88' lang='lat' dir='ltr'>satis</span> <span class='ocrx_word' id='word_1_58' title='bbox 714 1193 872 1279; x_wconf 81' lang='lat' dir='ltr'>intellegi,</span> <span class='ocrx_word' id='word_1_59' title='bbox 896 1193 956 1258; x_wconf 87' lang='lat' dir='ltr'>etsi</span> <span class='ocrx_word' id='word_1_60' title='bbox 978 1191 1108 1256; x_wconf 86' lang='lat' dir='ltr'>tolerari</span> <span class='ocrx_word' id='word_1_61' title='bbox 1129 1191 1265 1256; x_wconf 88' lang='lat' dir='ltr'>fortasse</span> <span class='ocrx_word' id='word_1_62' title='bbox 1280 1191 1359 1255; x_wconf 87' lang='lat' dir='ltr'>talia</span> 
     </span>
     <span class='ocr_line' id='line_1_9' title="bbox 217 1305 356 1390; baseline 0.007 -22"><span class='ocrx_word' id='word_1_63' title='bbox 217 1305 356 1390; x_wconf 76' lang='lat' dir='ltr'>possint:</span> 
     </span>
    </p>

    <p class='ocr_par' dir='ltr' id='par_1_4' title="bbox 456 1396 1121 1474">
     <span class='ocr_line' id='line_1_10' title="bbox 456 1396 1121 1474; baseline -0.006 -18"><span class='ocrx_word' id='word_1_64' title='bbox 456 1399 486 1456; x_wconf 87' lang='lat' dir='ltr'>et</span> <span class='ocrx_word' id='word_1_65' title='bbox 507 1397 580 1456; x_wconf 76' lang='lat' dir='ltr'>ficit</span> <span class='ocrx_word' id='word_1_66' title='bbox 601 1397 759 1456; x_wconf 84' lang='lat' dir='ltr'>heredem.¹</span> <span class='ocrx_word' id='word_1_67' title='bbox 779 1397 842 1457; x_wconf 81' lang='lat' dir='ltr'>tius</span> <span class='ocrx_word' id='word_1_68' title='bbox 864 1399 1008 1474; x_wconf 73' lang='lat' dir='ltr'>cognatae</span> <span class='ocrx_word' id='word_1_69' title='bbox 1031 1396 1121 1453; x_wconf 84' lang='lat' dir='ltr'><strong>duae:</strong></span> 
     </span>
    </p>

    <p class='ocr_par' dir='ltr' id='par_1_5' title="bbox 218 1482 1397 2588">
     <span class='ocr_line' id='line_1_11' title="bbox 455 1482 1040 1560; baseline -0.003 -19"><span class='ocrx_word' id='word_1_70' title='bbox 455 1485 577 1557; x_wconf 79' lang='lat' dir='ltr'>captust</span> <span class='ocrx_word' id='word_1_71' title='bbox 596 1483 629 1540; x_wconf 94' lang='lat' dir='ltr'>in</span> <span class='ocrx_word' id='word_1_72' title='bbox 650 1503 753 1559; x_wconf 85' lang='lat' dir='ltr'>pugna</span> <span class='ocrx_word' id='word_1_73' title='bbox 774 1482 921 1560; x_wconf 72' lang='lat' dir='ltr'>Hegionis</span> <span class='ocrx_word' id='word_1_74' title='bbox 943 1482 1040 1540; x_wconf 79' lang='lat' dir='ltr'>filius:</span> 
     </span>
     <span class='ocr_line' id='line_1_12' title="bbox 218 1609 1359 1698; baseline 0 -22"><span class='ocrx_word' id='word_1_75' title='bbox 218 1609 316 1676; x_wconf 90' lang='lat' dir='ltr'>Pocn.</span> <span class='ocrx_word' id='word_1_76' title='bbox 339 1613 370 1678; x_wconf 84' lang='lat'>3.</span> <span class='ocrx_word' id='word_1_77' title='bbox 389 1611 481 1698; x_wconf 83' lang='lat' dir='ltr'>Capt.</span> <span class='ocrx_word' id='word_1_78' title='bbox 507 1615 536 1697; x_wconf 91' lang='lat'>1,</span> <span class='ocrx_word' id='word_1_79' title='bbox 559 1617 699 1698; x_wconf 83' lang='lat' dir='ltr'>atquae</span> <span class='ocrx_word' id='word_1_80' title='bbox 721 1614 957 1678; x_wconf 87' lang='lat' dir='ltr'>excusationem</span> <span class='ocrx_word' id='word_1_81' title='bbox 980 1611 1030 1678; x_wconf 88' lang='lat' dir='ltr'>vel</span> <span class='ocrx_word' id='word_1_82' title='bbox 1053 1614 1081 1676; x_wconf 82' lang='lat' dir='ltr'>a&#39;</span> <span class='ocrx_word' id='word_1_83' title='bbox 1093 1613 1157 1678; x_wconf 88' lang='lat' dir='ltr'>fine</span> <span class='ocrx_word' id='word_1_84' title='bbox 1180 1613 1359 1677; x_wconf 87' lang='lat' dir='ltr'>sententiae</span> 
     </span>
     <span class='ocr_line' id='line_1_13' title="bbox 219 1721 1360 1810; baseline 0.002 -24"><span class='ocrx_word' id='word_1_85' title='bbox 219 1735 250 1786; x_wconf 86' lang='lat' dir='ltr'>et</span> <span class='ocrx_word' id='word_1_86' title='bbox 271 1721 402 1787; x_wconf 86' lang='lat' dir='ltr'>fortiore</span> <span class='ocrx_word' id='word_1_87' title='bbox 429 1724 690 1808; x_wconf 70' lang='lat' dir='ltr'>interpunctione</span> <span class='ocrx_word' id='word_1_88' title='bbox 712 1724 762 1788; x_wconf 89' lang='lat' dir='ltr'>vel</span> <span class='ocrx_word' id='word_1_89' title='bbox 785 1747 804 1788; x_wconf 89' lang='lat' dir='ltr'>a</span> <span class='ocrx_word' id='word_1_90' title='bbox 826 1723 955 1789; x_wconf 91' lang='lat' dir='ltr'>nomine</span> <span class='ocrx_word' id='word_1_91' title='bbox 976 1724 1105 1810; x_wconf 89' lang='lat' dir='ltr'>proprio</span> <span class='ocrx_word' id='word_1_92' title='bbox 1127 1722 1284 1788; x_wconf 81' lang='lat' dir='ltr'>habeant:</span> <span class='ocrx_word' id='word_1_93' title='bbox 1312 1728 1360 1788; x_wconf 87' lang='lat' dir='ltr'>ta·</span> 
     </span>
     <span class='ocr_line' id='line_1_14' title="bbox 219 1832 1360 1920; baseline 0.002 -24"><span class='ocrx_word' id='word_1_94' title='bbox 219 1855 293 1896; x_wconf 88' lang='lat' dir='ltr'>men</span> <span class='ocrx_word' id='word_1_95' title='bbox 320 1832 402 1898; x_wconf 89' lang='lat' dir='ltr'>nihil</span> <span class='ocrx_word' id='word_1_96' title='bbox 431 1835 643 1900; x_wconf 79' lang='lat' dir='ltr'>excusationis</span> <span class='ocrx_word' id='word_1_97' title='bbox 670 1838 819 1919; x_wconf 85' lang='lat' dir='ltr'>peratum</span> <span class='ocrx_word' id='word_1_98' title='bbox 840 1857 909 1900; x_wconf 86' lang='lat' dir='ltr'>esse</span> <span class='ocrx_word' id='word_1_99' title='bbox 930 1835 989 1919; x_wconf 93' lang='lat' dir='ltr'>illi,</span> <span class='ocrx_word' id='word_1_100' title='bbox 1013 1857 1032 1898; x_wconf 91' lang='lat' dir='ltr'>a</span> <span class='ocrx_word' id='word_1_101' title='bbox 1053 1857 1116 1920; x_wconf 92' lang='lat' dir='ltr'>quo</span> <span class='ocrx_word' id='word_1_102' title='bbox 1141 1834 1360 1919; x_wconf 87' lang='lat' dir='ltr'>proficisceba-</span> 
     </span>
     <span class='ocr_line' id='line_1_15' title="bbox 219 1944 1361 2029; baseline 0.002 -21"><span class='ocrx_word' id='word_1_103' title='bbox 219 1966 306 2029; x_wconf 88' lang='lat' dir='ltr'>mur,</span> <span class='ocrx_word' id='word_1_104' title='bbox 330 1947 449 2010; x_wconf 82' lang='lat' dir='ltr'>versui:</span> <span class='ocrx_word' id='word_1_105' title='bbox 477 1953 579 2026; x_wconf 69' lang='lat' dir='ltr'>lecolo</span> <span class='ocrx_word' id='word_1_106' title='bbox 604 1968 748 2028; x_wconf 75' lang='lat' dir='ltr'>perepre,</span> <span class='ocrx_word' id='word_1_107' title='bbox 779 1952 861 2028; x_wconf 81' lang='lat' dir='ltr'>ipsus</span> <span class='ocrx_word' id='word_1_108' title='bbox 882 1958 1003 2028; x_wconf 80' lang='lat' dir='ltr'>captust</span> <span class='ocrx_word' id='word_1_109' title='bbox 1023 1954 1055 2010; x_wconf 82' lang='lat' dir='ltr'>in</span> <span class='ocrx_word' id='word_1_110' title='bbox 1077 1954 1165 2012; x_wconf 84' lang='lat' dir='ltr'>mori.</span> <span class='ocrx_word' id='word_1_111' title='bbox 1210 1944 1311 2021; x_wconf 81' lang='lat' dir='ltr'>Quem</span> <span class='ocrx_word' id='word_1_112' title='bbox 1334 1946 1361 2010; x_wconf 87' lang='lat' dir='ltr'>si</span> 
     </span>
     <span class='ocr_line' id='line_1_16' title="bbox 220 2056 1397 2142; baseline 0.002 -22"><span class='ocrx_word' id='word_1_113' title='bbox 220 2056 289 2140; x_wconf 89' lang='lat' dir='ltr'>quis</span> <span class='ocrx_word' id='word_1_114' title='bbox 323 2061 372 2121; x_wconf 88' lang='lat' dir='ltr'>est</span> <span class='ocrx_word' id='word_1_115' title='bbox 401 2057 454 2142; x_wconf 91' lang='lat' dir='ltr'>qui</span> <span class='ocrx_word' id='word_1_116' title='bbox 482 2058 578 2121; x_wconf 90' lang='lat' dir='ltr'>etiam</span> <span class='ocrx_word' id='word_1_117' title='bbox 606 2079 693 2122; x_wconf 91' lang='lat' dir='ltr'>nunc</span> <span class='ocrx_word' id='word_1_118' title='bbox 722 2080 793 2122; x_wconf 90' lang='lat' dir='ltr'>cum</span> <span class='ocrx_word' id='word_1_119' title='bbox 819 2057 1022 2122; x_wconf 85' lang='lat' dir='ltr'>Paenultimo</span> <span class='ocrx_word' id='word_1_120' title='bbox 1045 2057 1212 2142; x_wconf 88' lang='lat' dir='ltr'>defendat,</span> <span class='ocrx_word' id='word_1_121' title='bbox 1237 2079 1284 2122; x_wconf 84' lang='lat' dir='ltr'>me</span> <span class='ocrx_word' id='word_1_122' title='bbox 1304 2063 1397 2123; x_wconf 82' lang='lat' dir='ltr'>sitix</span> 
     </span>
     <span class='ocr_line' id='line_1_17' title="bbox 220 2167 1361 2254; baseline 0.002 -24"><span class='ocrx_word' id='word_1_123' title='bbox 220 2171 337 2247; x_wconf 72' lang='lat' dir='ltr'>trebete,</span> <span class='ocrx_word' id='word_1_124' title='bbox 361 2189 417 2247; x_wconf 73' lang='lat' dir='ltr'>epo</span> <span class='ocrx_word' id='word_1_125' title='bbox 438 2191 484 2233; x_wconf 84' lang='lat' dir='ltr'>me</span> <span class='ocrx_word' id='word_1_126' title='bbox 498 2176 528 2232; x_wconf 83' lang='lat' dir='ltr'>ei</span> <span class='ocrx_word' id='word_1_127' title='bbox 540 2191 707 2254; x_wconf 88' lang='lat' dir='ltr'>meumque</span> <span class='ocrx_word' id='word_1_128' title='bbox 721 2169 872 2234; x_wconf 90' lang='lat' dir='ltr'>iudicium</span> <span class='ocrx_word' id='word_1_129' title='bbox 887 2176 1050 2250; x_wconf 78' lang='lat' dir='ltr'>mancupio</span> <span class='ocrx_word' id='word_1_130' title='bbox 1064 2174 1143 2234; x_wconf 80' lang='lat' dir='ltr'>daho</span> <span class='ocrx_word' id='word_1_131' title='bbox 1158 2167 1219 2233; x_wconf 90' lang='lat' dir='ltr'>hnc</span> <span class='ocrx_word' id='word_1_132' title='bbox 1234 2169 1361 2254; x_wconf 90' lang='lat' dir='ltr'>quidem</span> 
     </span>
     <span class='ocr_line' id='line_1_18' title="bbox 222 2279 1361 2364; baseline 0 -20"><span class='ocrx_word' id='word_1_133' title='bbox 222 2279 423 2362; x_wconf 88' lang='lat' dir='ltr'>condicione,</span> <span class='ocrx_word' id='word_1_134' title='bbox 452 2279 534 2343; x_wconf 90' lang='lat' dir='ltr'>idem</span> <span class='ocrx_word' id='word_1_135' title='bbox 561 2282 598 2344; x_wconf 91' lang='lat' dir='ltr'>ut</span> <span class='ocrx_word' id='word_1_136' title='bbox 626 2279 722 2344; x_wconf 88' lang='lat' dir='ltr'>etism</span> <span class='ocrx_word' id='word_1_137' title='bbox 743 2280 871 2345; x_wconf 90' lang='lat' dir='ltr'>illorum</span> <span class='ocrx_word' id='word_1_138' title='bbox 891 2284 1106 2346; x_wconf 89' lang='lat' dir='ltr'>monstrorum</span> <span class='ocrx_word' id='word_1_139' title='bbox 1134 2283 1288 2364; x_wconf 90' lang='lat' dir='ltr'>patronus</span> <span class='ocrx_word' id='word_1_140' title='bbox 1310 2303 1361 2345; x_wconf 90' lang='lat' dir='ltr'>ex·</span> 
     </span>
     <span class='ocr_line' id='line_1_19' title="bbox 220 2390 1362 2477; baseline 0.003 -24"><span class='ocrx_word' id='word_1_141' title='bbox 220 2390 328 2474; x_wconf 85' lang='lat' dir='ltr'>sistat,</span> <span class='ocrx_word' id='word_1_142' title='bbox 357 2411 438 2474; x_wconf 91' lang='lat' dir='ltr'>quae</span> <span class='ocrx_word' id='word_1_143' title='bbox 466 2411 562 2474; x_wconf 86' lang='lat' dir='ltr'>supra</span> <span class='ocrx_word' id='word_1_144' title='bbox 589 2390 751 2474; x_wconf 82' lang='lat' dir='ltr'>posuimus</span> <span class='ocrx_word' id='word_1_145' title='bbox 780 2396 946 2456; x_wconf 82' lang='lat' dir='ltr'>Numerari</span> <span class='ocrx_word' id='word_1_146' title='bbox 971 2399 1056 2458; x_wconf 82' lang='lat' dir='ltr'>iussit</span> <span class='ocrx_word' id='word_1_147' title='bbox 1083 2413 1110 2456; x_wconf 87' lang='lat' dir='ltr'>c.</span> <span class='ocrx_word' id='word_1_148' title='bbox 1136 2413 1165 2477; x_wconf 92' lang='lat' dir='ltr'>q.</span> <span class='ocrx_word' id='word_1_149' title='bbox 1190 2413 1215 2456; x_wconf 87' lang='lat' dir='ltr'>s.</span> <span class='ocrx_word' id='word_1_150' title='bbox 1239 2395 1272 2456; x_wconf 88' lang='lat' dir='ltr'>et</span> <span class='ocrx_word' id='word_1_151' title='bbox 1299 2397 1362 2456; x_wconf 88' lang='lat' dir='ltr'>Pro</span> 
     </span>
     <span class='ocr_line' id='line_1_20' title="bbox 218 2483 1362 2588; baseline 0.002 -24"><span class='ocrx_word' id='word_1_152' title='bbox 218 2507 324 2582; x_wconf 83' lang='lat' dir='ltr'>patric</span> <span class='ocrx_word' id='word_1_153' title='bbox 352 2505 532 2581; x_wconf 78' lang='lat' dir='ltr'>Amphitruo</span> <span class='ocrx_word' id='word_1_154' title='bbox 560 2522 587 2565; x_wconf 88' lang='lat' dir='ltr'>e.</span> <span class='ocrx_word' id='word_1_155' title='bbox 616 2524 647 2586; x_wconf 88' lang='lat' dir='ltr'>q.</span> <span class='ocrx_word' id='word_1_156' title='bbox 677 2523 702 2566; x_wconf 89' lang='lat' dir='ltr'>s.</span> <span class='ocrx_word' id='word_1_157' title='bbox 732 2483 803 2567; x_wconf 87' lang='lat' dir='ltr'>cum</span> <span class='ocrx_word' id='word_1_158' title='bbox 831 2503 925 2568; x_wconf 91' lang='lat' dir='ltr'>sociis</span> <span class='ocrx_word' id='word_1_159' title='bbox 954 2503 1033 2568; x_wconf 90' lang='lat' dir='ltr'>suis:</span> <span class='ocrx_word' id='word_1_160' title='bbox 1063 2503 1177 2588; x_wconf 91' lang='lat' dir='ltr'>quibus</span> <span class='ocrx_word' id='word_1_161' title='bbox 1205 2524 1300 2587; x_wconf 89' lang='lat' dir='ltr'>quam</span> <span class='ocrx_word' id='word_1_162' title='bbox 1327 2502 1362 2566; x_wconf 93' lang='lat' dir='ltr'>in</span> 
     </span>
    </p>
   </div>
   <div class='ocr_carea' id='block_1_4' title="bbox 220 2609 1362 2788">
    <p class='ocr_par' dir='ltr' id='par_1_6' title="bbox 220 2609 1362 2788">
     <span class='ocr_line' id='line_1_21' title="bbox 220 2609 1362 2698; baseline 0.001 -23"><span class='ocrx_word' id='word_1_163' title='bbox 220 2613 372 2695; x_wconf 90' lang='lat' dir='ltr'>promptu</span> <span class='ocrx_word' id='word_1_164' title='bbox 394 2611 585 2676; x_wconf 81' lang='lat' dir='ltr'>medicinam</span> <span class='ocrx_word' id='word_1_165' title='bbox 607 2609 770 2696; x_wconf 87' lang='lat' dir='ltr'>habemus,</span> <span class='ocrx_word' id='word_1_166' title='bbox 800 2613 958 2698; x_wconf 89' lang='lat' dir='ltr'>explicare</span> <span class='ocrx_word' id='word_1_167' title='bbox 980 2636 1038 2698; x_wconf 89' lang='lat' dir='ltr'>per</span> <span class='ocrx_word' id='word_1_168' title='bbox 1060 2613 1156 2678; x_wconf 87' lang='lat' dir='ltr'>aliam</span> <span class='ocrx_word' id='word_1_169' title='bbox 1178 2613 1362 2697; x_wconf 82' lang='lat' dir='ltr'>opportuni-</span> 
     </span>
     <span class='ocr_line' id='line_1_22' title="bbox 222 2722 1128 2788; baseline 0 -3"><span class='ocrx_word' id='word_1_170' title='bbox 222 2723 322 2788; x_wconf 84' lang='lat' dir='ltr'>tatem</span> <span class='ocrx_word' id='word_1_171' title='bbox 344 2722 464 2786; x_wconf 88' lang='lat' dir='ltr'>licebit.</span> <span class='ocrx_word' id='word_1_172' title='bbox 1124 2723 1128 2732; x_wconf 89' lang='lat'>&#39;</span> 
     </span>
    </p>
   </div>
   <div class='ocr_carea' id='block_1_5' title="bbox 223 2861 416 2870">
    <p class='ocr_par' dir='ltr' id='par_1_7' title="bbox 223 2861 416 2870">
     <span class='ocr_line' id='line_1_23' title="bbox 223 2861 416 2870; baseline 0.01 -2"><span class='ocrx_word' id='word_1_173' title='bbox 223 2861 416 2870; x_wconf 78' lang='grc'>---.--</span> 
     </span>
    </p>
   </div>
   <div class='ocr_carea' id='block_1_6' title="bbox 194 2942 1364 4514">
    <p class='ocr_par' dir='ltr' id='par_1_8' title="bbox 194 2942 1364 4514">
     <span class='ocr_line' id='line_1_24' title="bbox 290 2942 1362 3015; baseline 0.001 -18"><span class='ocrx_word' id='word_1_174' title='bbox 290 2944 317 3012; x_wconf 87' lang='grc'>*)</span> <span class='ocrx_word' id='word_1_175' title='bbox 338 2942 425 3015; x_wconf 84' lang='lat' dir='ltr'>[Nihil</span> <span class='ocrx_word' id='word_1_176' title='bbox 444 2945 480 2998; x_wconf 87' lang='lat' dir='ltr'>ad</span> <span class='ocrx_word' id='word_1_177' title='bbox 496 2943 539 2999; x_wconf 86' lang='lat' dir='ltr'>rei</span> <span class='ocrx_word' id='word_1_178' title='bbox 555 2963 692 3000; x_wconf 87' lang='lat' dir='ltr'>summam</span> <span class='ocrx_word' id='word_1_179' title='bbox 703 2947 802 3013; x_wconf 87' lang='lat' dir='ltr'>refert,</span> <span class='ocrx_word' id='word_1_180' title='bbox 820 2944 1020 3015; x_wconf 87' lang='lat' dir='ltr'>quodquidam</span> <span class='ocrx_word' id='word_1_181' title='bbox 1034 2943 1260 3000; x_wconf 85' lang='lat' dir='ltr'>exhisversiculi</span> <span class='ocrx_word' id='word_1_182' title='bbox 1277 2943 1362 3000; x_wconf 87' lang='lat' dir='ltr'>etiam</span> 
     </span>
     <span class='ocr_line' id='line_1_25' title="bbox 223 3037 1362 3110; baseline 0.004 -19"><span class='ocrx_word' id='word_1_183' title='bbox 223 3037 305 3092; x_wconf 88' lang='lat' dir='ltr'>aliter</span> <span class='ocrx_word' id='word_1_184' title='bbox 322 3037 443 3108; x_wconf 87' lang='lat' dir='ltr'>suppleri</span> <span class='ocrx_word' id='word_1_185' title='bbox 466 3044 595 3108; x_wconf 88' lang='lat' dir='ltr'>possunt,</span> <span class='ocrx_word' id='word_1_186' title='bbox 621 3039 698 3094; x_wconf 86' lang='lat' dir='ltr'>velut</span> <span class='ocrx_word' id='word_1_187' title='bbox 716 3043 816 3098; x_wconf 71' lang='lat' dir='ltr'>nomen</span> <span class='ocrx_word' id='word_1_188' title='bbox 834 3045 967 3110; x_wconf 70' lang='lat' dir='ltr'>surrepit</span> <span class='ocrx_word' id='word_1_189' title='bbox 983 3041 1023 3097; x_wconf 81' lang='lat' dir='ltr'>ibi</span> <span class='ocrx_word' id='word_1_190' title='bbox 1039 3041 1111 3096; x_wconf 76' lang='lat' dir='ltr'>indit</span> <span class='ocrx_word' id='word_1_191' title='bbox 1128 3041 1170 3096; x_wconf 83' lang='lat' dir='ltr'>illi</span> <span class='ocrx_word' id='word_1_192' title='bbox 1187 3039 1236 3109; x_wconf 81' lang='lat' dir='ltr'>qui</span> <span class='ocrx_word' id='word_1_193' title='bbox 1251 3041 1362 3106; x_wconf 79' lang='lat' dir='ltr'>domist,</span> 
     </span>
     <span class='ocr_line' id='line_1_26' title="bbox 222 3131 1363 3204; baseline 0.001 -20"><span class='ocrx_word' id='word_1_194' title='bbox 222 3131 267 3184; x_wconf 83' lang='lat' dir='ltr'>vel</span> <span class='ocrx_word' id='word_1_195' title='bbox 289 3132 385 3189; x_wconf 69' lang='lat' dir='ltr'>cultim</span> <span class='ocrx_word' id='word_1_196' title='bbox 408 3141 551 3202; x_wconf 79' lang='lat' dir='ltr'>repertam</span> <span class='ocrx_word' id='word_1_197' title='bbox 574 3133 683 3192; x_wconf 81' lang='lat' dir='ltr'>cedrus</span> <span class='ocrx_word' id='word_1_198' title='bbox 702 3137 817 3204; x_wconf 83' lang='lat' dir='ltr'>plenem</span> <span class='ocrx_word' id='word_1_199' title='bbox 841 3138 909 3192; x_wconf 81' lang='lat' dir='ltr'>auri</span> <span class='ocrx_word' id='word_1_200' title='bbox 930 3135 1039 3190; x_wconf 72' lang='lat' dir='ltr'>Euclio.</span> <span class='ocrx_word' id='word_1_201' title='bbox 1076 3131 1175 3186; x_wconf 90' lang='lat' dir='ltr'>lulium</span> <span class='ocrx_word' id='word_1_202' title='bbox 1193 3133 1287 3187; x_wconf 88' lang='lat' dir='ltr'>autem</span> <span class='ocrx_word' id='word_1_203' title='bbox 1304 3131 1363 3186; x_wconf 91' lang='lat' dir='ltr'>Bri·</span> 
     </span>
     <span class='ocr_line' id='line_1_27' title="bbox 223 3223 1362 3294; baseline 0.004 -18"><span class='ocrx_word' id='word_1_204' title='bbox 223 3223 298 3278; x_wconf 88' lang='lat' dir='ltr'>xium</span> <span class='ocrx_word' id='word_1_205' title='bbox 316 3225 413 3280; x_wconf 86' lang='lat' dir='ltr'>mirari</span> <span class='ocrx_word' id='word_1_206' title='bbox 430 3225 503 3294; x_wconf 89' lang='lat' dir='ltr'>licet,</span> <span class='ocrx_word' id='word_1_207' title='bbox 522 3227 596 3294; x_wconf 88' lang='lat' dir='ltr'>quod</span> <span class='ocrx_word' id='word_1_208' title='bbox 615 3245 668 3282; x_wconf 90' lang='lat' dir='ltr'>uno</span> <span class='ocrx_word' id='word_1_209' title='bbox 687 3229 832 3282; x_wconf 87' lang='lat' dir='ltr'>contentus</span> <span class='ocrx_word' id='word_1_210' title='bbox 851 3227 941 3294; x_wconf 86' lang='lat' dir='ltr'>hiatu,</span> <span class='ocrx_word' id='word_1_211' title='bbox 960 3243 1042 3294; x_wconf 90' lang='lat' dir='ltr'>quem</span> <span class='ocrx_word' id='word_1_212' title='bbox 1060 3243 1121 3282; x_wconf 85' lang='lat' dir='ltr'>csse</span> <span class='ocrx_word' id='word_1_213' title='bbox 1139 3225 1167 3281; x_wconf 89' lang='lat' dir='ltr'>in</span> <span class='ocrx_word' id='word_1_214' title='bbox 1185 3243 1300 3282; x_wconf 86' lang='lat' dir='ltr'>caesura</span> <span class='ocrx_word' id='word_1_215' title='bbox 1316 3244 1362 3281; x_wconf 84' lang='lat' dir='ltr'>vo·</span> 
     </span>
     <span class='ocr_line' id='line_1_28' title="bbox 223 3317 1362 3392; baseline 0.005 -22"><span class='ocrx_word' id='word_1_216' title='bbox 223 3317 287 3386; x_wconf 89' lang='lat' dir='ltr'>luit,</span> <span class='ocrx_word' id='word_1_217' title='bbox 316 3337 372 3374; x_wconf 89' lang='lat' dir='ltr'>non</span> <span class='ocrx_word' id='word_1_218' title='bbox 394 3320 464 3374; x_wconf 89' lang='lat' dir='ltr'>item</span> <span class='ocrx_word' id='word_1_219' title='bbox 486 3321 604 3376; x_wconf 87' lang='lat' dir='ltr'>alterum</span> <span class='ocrx_word' id='word_1_220' title='bbox 626 3321 799 3392; x_wconf 76' lang='lat' dir='ltr'>amplexatus</span> <span class='ocrx_word' id='word_1_221' title='bbox 816 3321 845 3376; x_wconf 92' lang='lat' dir='ltr'>in</span> <span class='ocrx_word' id='word_1_222' title='bbox 863 3321 1004 3376; x_wconf 83' lang='lat' dir='ltr'>codicibus</span> <span class='ocrx_word' id='word_1_223' title='bbox 1021 3321 1163 3391; x_wconf 88' lang='lat' dir='ltr'>proditum</span> <span class='ocrx_word' id='word_1_224' title='bbox 1181 3319 1285 3392; x_wconf 87' lang='lat' dir='ltr'>duplici</span> <span class='ocrx_word' id='word_1_225' title='bbox 1303 3337 1362 3376; x_wconf 87' lang='lat' dir='ltr'>sua·</span> 
     </span>
     <span class='ocr_line' id='line_1_29' title="bbox 223 3407 1363 3488; baseline 0.007 -24"><span class='ocrx_word' id='word_1_226' title='bbox 223 3411 310 3466; x_wconf 84' lang='lat' dir='ltr'>vitate</span> <span class='ocrx_word' id='word_1_227' title='bbox 328 3413 571 3469; x_wconf 86' lang='lat' dir='ltr'>Menaechmorum</span> <span class='ocrx_word' id='word_1_228' title='bbox 589 3432 696 3470; x_wconf 83' lang='lat' dir='ltr'>versum</span> <span class='ocrx_word' id='word_1_229' title='bbox 714 3414 879 3486; x_wconf 80' lang='lat' dir='ltr'>impertivit:</span> <span class='ocrx_word' id='word_1_230' title='bbox 903 3415 932 3473; x_wconf 84' lang='lat' dir='ltr'>ci</span> <span class='ocrx_word' id='word_1_231' title='bbox 946 3407 1083 3488; x_wconf 63' lang='lat' dir='ltr'>surripio</span> <span class='ocrx_word' id='word_1_232' title='bbox 1102 3416 1144 3472; x_wconf 83' lang='lat' dir='ltr'>ilii</span> <span class='ocrx_word' id='word_1_233' title='bbox 1161 3415 1233 3472; x_wconf 73' lang='lat' dir='ltr'>inca</span> <span class='ocrx_word' id='word_1_234' title='bbox 1250 3415 1299 3484; x_wconf 82' lang='lat' dir='ltr'>qui</span> <span class='ocrx_word' id='word_1_235' title='bbox 1315 3417 1363 3472; x_wconf 87' lang='lat' dir='ltr'>do-</span> 
     </span>
     <span class='ocr_line' id='line_1_30' title="bbox 224 3485 1362 3578; baseline 0.004 -18"><span class='ocrx_word' id='word_1_236' title='bbox 224 3509 296 3564; x_wconf 81' lang='lat' dir='ltr'>mist.</span> <span class='ocrx_word' id='word_1_237' title='bbox 331 3506 403 3560; x_wconf 89' lang='lat' dir='ltr'>Nam</span> <span class='ocrx_word' id='word_1_238' title='bbox 428 3525 445 3561; x_wconf 87' lang='lat' dir='ltr'>a</span> <span class='ocrx_word' id='word_1_239' title='bbox 468 3507 593 3562; x_wconf 90' lang='lat' dir='ltr'>codicum</span> <span class='ocrx_word' id='word_1_240' title='bbox 617 3508 729 3576; x_wconf 87' lang='lat' dir='ltr'>quidem</span> <span class='ocrx_word' id='word_1_241' title='bbox 748 3526 819 3577; x_wconf 86' lang='lat' dir='ltr'>quae</span> <span class='ocrx_word' id='word_1_242' title='bbox 840 3485 1146 3564; x_wconf 51' lang='lat' dir='ltr'>iactatur‘auctoritatc</span> <span class='ocrx_word' id='word_1_243' title='bbox 1164 3526 1219 3563; x_wconf 91' lang='lat' dir='ltr'>non</span> <span class='ocrx_word' id='word_1_244' title='bbox 1236 3507 1362 3578; x_wconf 83' lang='lat' dir='ltr'>profecto</span> 
     </span>
     <span class='ocr_line' id='line_1_31' title="bbox 224 3597 1362 3672; baseline 0.004 -20"><span class='ocrx_word' id='word_1_245' title='bbox 224 3597 313 3654; x_wconf 88' lang='lat' dir='ltr'>minus</span> <span class='ocrx_word' id='word_1_246' title='bbox 330 3601 376 3655; x_wconf 85' lang='lat' dir='ltr'>vel</span> <span class='ocrx_word' id='word_1_247' title='bbox 398 3601 565 3657; x_wconf 87' lang='lat' dir='ltr'>firmamenti</span> <span class='ocrx_word' id='word_1_248' title='bbox 583 3602 627 3657; x_wconf 82' lang='lat' dir='ltr'>vel</span> <span class='ocrx_word' id='word_1_249' title='bbox 643 3601 851 3672; x_wconf 81' lang='lat' dir='ltr'>probabilitatis</span> <span class='ocrx_word' id='word_1_250' title='bbox 869 3602 958 3671; x_wconf 82' lang='lat' dir='ltr'>quivis</span> <span class='ocrx_word' id='word_1_251' title='bbox 977 3603 1046 3658; x_wconf 86' lang='lat' dir='ltr'>alius</span> <span class='ocrx_word' id='word_1_252' title='bbox 1063 3603 1155 3658; x_wconf 85' lang='lat' dir='ltr'>hiatus</span> <span class='ocrx_word' id='word_1_253' title='bbox 1173 3619 1256 3670; x_wconf 88' lang='lat' dir='ltr'>quam</span> <span class='ocrx_word' id='word_1_254' title='bbox 1273 3602 1297 3655; x_wconf 88' lang='lat' dir='ltr'>is</span> <span class='ocrx_word' id='word_1_255' title='bbox 1315 3601 1362 3656; x_wconf 86' lang='lat' dir='ltr'>ha·</span> 
     </span>
     <span class='ocr_line' id='line_1_32' title="bbox 224 3692 1364 3766; baseline 0.003 -20"><span class='ocrx_word' id='word_1_256' title='bbox 224 3692 273 3747; x_wconf 92' lang='lat' dir='ltr'>bet</span> <span class='ocrx_word' id='word_1_257' title='bbox 290 3693 339 3762; x_wconf 86' lang='lat' dir='ltr'>qui</span> <span class='ocrx_word' id='word_1_258' title='bbox 355 3694 388 3748; x_wconf 91' lang='lat' dir='ltr'>fit</span> <span class='ocrx_word' id='word_1_259' title='bbox 403 3694 432 3748; x_wconf 89' lang='lat' dir='ltr'>in</span> <span class='ocrx_word' id='word_1_260' title='bbox 451 3711 577 3750; x_wconf 88' lang='lat' dir='ltr'>caesura:</span> <span class='ocrx_word' id='word_1_261' title='bbox 607 3695 636 3748; x_wconf 93' lang='lat' dir='ltr'>id</span> <span class='ocrx_word' id='word_1_262' title='bbox 659 3695 733 3764; x_wconf 86' lang='lat' dir='ltr'>quod</span> <span class='ocrx_word' id='word_1_263' title='bbox 755 3696 796 3750; x_wconf 83' lang='lat' dir='ltr'>ita</span> <span class='ocrx_word' id='word_1_264' title='bbox 819 3713 880 3750; x_wconf 84' lang='lat' dir='ltr'>csse</span> <span class='ocrx_word' id='word_1_265' title='bbox 902 3713 958 3752; x_wconf 89' lang='lat' dir='ltr'>non</span> <span class='ocrx_word' id='word_1_266' title='bbox 982 3699 1051 3766; x_wconf 90' lang='lat' dir='ltr'>puto</span> <span class='ocrx_word' id='word_1_267' title='bbox 1068 3696 1283 3766; x_wconf 87' lang='lat' dir='ltr'>praeteriturum</span> <span class='ocrx_word' id='word_1_268' title='bbox 1302 3697 1364 3749; x_wconf 86' lang='lat' dir='ltr'>erat</span> 
     </span>
     <span class='ocr_line' id='line_1_33' title="bbox 194 3779 1363 3860; baseline 0.002 -21"><span class='ocrx_word' id='word_1_269' title='bbox 194 3795 199 3800; x_wconf 86' lang='lat'>&#39;</span> <span class='ocrx_word' id='word_1_270' title='bbox 224 3779 347 3840; x_wconf 79' lang='lat' dir='ltr'>Bri&#39;xium</span> <span class='ocrx_word' id='word_1_271' title='bbox 365 3789 453 3858; x_wconf 84' lang='lat' dir='ltr'>praef.</span> <span class='ocrx_word' id='word_1_272' title='bbox 467 3789 667 3844; x_wconf 87' lang='lat' dir='ltr'>Menaechmon</span> <span class='ocrx_word' id='word_1_273' title='bbox 685 3809 712 3860; x_wconf 92' lang='lat' dir='ltr'>p.</span> <span class='ocrx_word' id='word_1_274' title='bbox 725 3797 740 3845; x_wconf 78' lang='grc'><strong>9</strong></span> <span class='ocrx_word' id='word_1_275' title='bbox 753 3807 803 3858; x_wconf 88' lang='lat' dir='ltr'>sq.,</span> <span class='ocrx_word' id='word_1_276' title='bbox 821 3789 900 3844; x_wconf 86' lang='lat' dir='ltr'>sivcl</span> <span class='ocrx_word' id='word_1_277' title='bbox 912 3807 946 3844; x_wconf 87' lang='lat' dir='ltr'>ca</span> <span class='ocrx_word' id='word_1_278' title='bbox 959 3807 1029 3858; x_wconf 86' lang='lat' dir='ltr'>quae</span> <span class='ocrx_word' id='word_1_279' title='bbox 1046 3790 1100 3844; x_wconf 90' lang='lat' dir='ltr'>hoc</span> <span class='ocrx_word' id='word_1_280' title='bbox 1117 3789 1261 3860; x_wconf 89' lang='lat' dir='ltr'>prooemio</span> <span class='ocrx_word' id='word_1_281' title='bbox 1279 3789 1363 3842; x_wconf 87' lang='lat' dir='ltr'>ratio·</span> 
     </span>
     <span class='ocr_line' id='line_1_34' title="bbox 225 3880 1363 3954; baseline 0.002 -20"><span class='ocrx_word' id='word_1_282' title='bbox 225 3880 310 3936; x_wconf 85' lang='lat' dir='ltr'>cirrati</span> <span class='ocrx_word' id='word_1_283' title='bbox 327 3899 420 3936; x_wconf 88' lang='lat' dir='ltr'>sumus</span> <span class='ocrx_word' id='word_1_284' title='bbox 443 3883 487 3936; x_wconf 88' lang='lat' dir='ltr'>vel</span> <span class='ocrx_word' id='word_1_285' title='bbox 505 3899 590 3953; x_wconf 88' lang='lat' dir='ltr'>supra</span> <span class='ocrx_word' id='word_1_286' title='bbox 607 3903 633 3954; x_wconf 83' lang='lat' dir='ltr'>p.</span> <span class='ocrx_word' id='word_1_287' title='bbox 652 3891 709 3938; x_wconf 79' lang='lat'>211.</span> <span class='ocrx_word' id='word_1_288' title='bbox 733 3891 783 3938; x_wconf 79' lang='lat'>216</span> <span class='ocrx_word' id='word_1_289' title='bbox 802 3901 842 3951; x_wconf 88' lang='lat' dir='ltr'>sq.</span> <span class='ocrx_word' id='word_1_290' title='bbox 866 3883 1004 3954; x_wconf 87' lang='lat' dir='ltr'>explicata</span> <span class='ocrx_word' id='word_1_291' title='bbox 1022 3885 1071 3939; x_wconf 87' lang='lat' dir='ltr'>aut</span> <span class='ocrx_word' id='word_1_292' title='bbox 1092 3883 1207 3953; x_wconf 84' lang='lat' dir='ltr'>legisset</span> <span class='ocrx_word' id='word_1_293' title='bbox 1229 3883 1278 3936; x_wconf 87' lang='lat' dir='ltr'>aut</span> <span class='ocrx_word' id='word_1_294' title='bbox 1296 3881 1363 3937; x_wconf 85' lang='lat' dir='ltr'>satis</span> 
     </span>
     <span class='ocr_line' id='line_1_35' title="bbox 224 3974 1363 4044; baseline 0 -16"><span class='ocrx_word' id='word_1_295' title='bbox 224 3975 396 4044; x_wconf 86' lang='lat' dir='ltr'>pensitasset.</span> <span class='ocrx_word' id='word_1_296' title='bbox 432 3975 583 4031; x_wconf 87' lang='lat' dir='ltr'>Praeterea</span> <span class='ocrx_word' id='word_1_297' title='bbox 599 3976 673 4031; x_wconf 89' lang='lat' dir='ltr'>idem</span> <span class='ocrx_word' id='word_1_298' title='bbox 691 3977 767 4031; x_wconf 89' lang='lat' dir='ltr'>miris</span> <span class='ocrx_word' id='word_1_299' title='bbox 780 3977 871 4033; x_wconf 90' lang='lat' dir='ltr'>modis</span> <span class='ocrx_word' id='word_1_300' title='bbox 889 3977 997 4033; x_wconf 86' lang='lat' dir='ltr'>ratione</span> <span class='ocrx_word' id='word_1_301' title='bbox 1016 3977 1125 4043; x_wconf 82' lang='lat' dir='ltr'>excidit,</span> <span class='ocrx_word' id='word_1_302' title='bbox 1145 3994 1207 4030; x_wconf 91' lang='lat' dir='ltr'>cum</span> <span class='ocrx_word' id='word_1_303' title='bbox 1225 3993 1288 4029; x_wconf 91' lang='lat' dir='ltr'>enm</span> <span class='ocrx_word' id='word_1_304' title='bbox 1305 3974 1363 4029; x_wconf 91' lang='lat' dir='ltr'>hia·</span> 
     </span>
     <span class='ocr_line' id='line_1_36' title="bbox 225 4067 1363 4138; baseline -0.003 -16"><span class='ocrx_word' id='word_1_305' title='bbox 225 4071 292 4136; x_wconf 90' lang='lat' dir='ltr'>tum,</span> <span class='ocrx_word' id='word_1_306' title='bbox 312 4069 359 4138; x_wconf 90' lang='lat' dir='ltr'>qui</span> <span class='ocrx_word' id='word_1_307' title='bbox 376 4070 409 4123; x_wconf 89' lang='lat' dir='ltr'>fit</span> <span class='ocrx_word' id='word_1_308' title='bbox 425 4070 453 4124; x_wconf 91' lang='lat' dir='ltr'>in</span> <span class='ocrx_word' id='word_1_309' title='bbox 472 4087 587 4124; x_wconf 87' lang='lat' dir='ltr'>caesura</span> <span class='ocrx_word' id='word_1_310' title='bbox 604 4069 705 4126; x_wconf 87' lang='lat' dir='ltr'>senarii</span> <span class='ocrx_word' id='word_1_311' title='bbox 723 4070 843 4138; x_wconf 88' lang='lat' dir='ltr'>iambici,</span> <span class='ocrx_word' id='word_1_312' title='bbox 862 4071 983 4126; x_wconf 87' lang='lat' dir='ltr'>animum</span> <span class='ocrx_word' id='word_1_313' title='bbox 1001 4067 1110 4124; x_wconf 85' lang='lat' dir='ltr'>induxit</span> <span class='ocrx_word' id='word_1_314' title='bbox 1128 4085 1222 4123; x_wconf 88' lang='lat' dir='ltr'>eorum</span> <span class='ocrx_word' id='word_1_315' title='bbox 1240 4067 1363 4121; x_wconf 89' lang='lat' dir='ltr'>multitu·</span> 
     </span>
     <span class='ocr_line' id='line_1_37' title="bbox 225 4161 1363 4232; baseline -0.001 -17"><span class='ocrx_word' id='word_1_316' title='bbox 225 4161 289 4216; x_wconf 89' lang='lat' dir='ltr'>dine</span> <span class='ocrx_word' id='word_1_317' title='bbox 307 4162 466 4231; x_wconf 78' lang='lat' dir='ltr'>defendere,</span> <span class='ocrx_word' id='word_1_318' title='bbox 484 4163 531 4232; x_wconf 92' lang='lat' dir='ltr'>qui</span> <span class='ocrx_word' id='word_1_319' title='bbox 549 4163 663 4218; x_wconf 90' lang='lat' dir='ltr'>admissi</span> <span class='ocrx_word' id='word_1_320' title='bbox 681 4164 791 4218; x_wconf 90' lang='lat' dir='ltr'>suntin</span> <span class='ocrx_word' id='word_1_321' title='bbox 802 4163 902 4219; x_wconf 84' lang='lat' dir='ltr'>mediis</span> <span class='ocrx_word' id='word_1_322' title='bbox 914 4164 958 4220; x_wconf 85' lang='lat' dir='ltr'>vel</span> <span class='ocrx_word' id='word_1_323' title='bbox 971 4161 1119 4219; x_wconf 88' lang='lat' dir='ltr'>octonariis</span> <span class='ocrx_word' id='word_1_324' title='bbox 1137 4163 1181 4216; x_wconf 85' lang='lat' dir='ltr'>vel</span> <span class='ocrx_word' id='word_1_325' title='bbox 1198 4161 1363 4231; x_wconf 87' lang='lat' dir='ltr'>septenariis</span> 
     </span>
     <span class='ocr_line' id='line_1_38' title="bbox 225 4255 1363 4328; baseline 0.001 -20"><span class='ocrx_word' id='word_1_326' title='bbox 225 4255 380 4324; x_wconf 85' lang='lat' dir='ltr'>trochaicis,</span> <span class='ocrx_word' id='word_1_327' title='bbox 397 4255 531 4325; x_wconf 83' lang='lat' dir='ltr'>iambicis,</span> <span class='ocrx_word' id='word_1_328' title='bbox 549 4257 734 4327; x_wconf 87' lang='lat' dir='ltr'>anapaesticis</span> <span class='ocrx_word' id='word_1_329' title='bbox 753 4259 781 4312; x_wconf 89' lang='lat' dir='ltr'>et</span> <span class='ocrx_word' id='word_1_330' title='bbox 798 4258 827 4311; x_wconf 92' lang='lat' dir='ltr'>id</span> <span class='ocrx_word' id='word_1_331' title='bbox 845 4275 933 4328; x_wconf 84' lang='lat' dir='ltr'>genus</span> <span class='ocrx_word' id='word_1_332' title='bbox 952 4259 1028 4314; x_wconf 78' lang='lat' dir='ltr'>aliis:</span> <span class='ocrx_word' id='word_1_333' title='bbox 1058 4257 1169 4325; x_wconf 88' lang='lat' dir='ltr'>qualem</span> <span class='ocrx_word' id='word_1_334' title='bbox 1187 4257 1363 4326; x_wconf 80' lang='lat' dir='ltr'>argumenta-</span> 
     </span>
     <span class='ocr_line' id='line_1_39' title="bbox 225 4347 1363 4422; baseline 0.003 -21"><span class='ocrx_word' id='word_1_335' title='bbox 225 4347 330 4422; x_wconf 88' lang='lat' dir='ltr'>tionem</span> <span class='ocrx_word' id='word_1_336' title='bbox 348 4369 403 4405; x_wconf 91' lang='lat' dir='ltr'>non</span> <span class='ocrx_word' id='word_1_337' title='bbox 422 4368 490 4406; x_wconf 85' lang='lat' dir='ltr'>sanc</span> <span class='ocrx_word' id='word_1_338' title='bbox 508 4351 544 4405; x_wconf 89' lang='lat' dir='ltr'>ab</span> <span class='ocrx_word' id='word_1_339' title='bbox 562 4351 618 4405; x_wconf 88' lang='lat' dir='ltr'>alio</span> <span class='ocrx_word' id='word_1_340' title='bbox 637 4351 853 4420; x_wconf 86' lang='lat' dir='ltr'>exspectaveris,</span> <span class='ocrx_word' id='word_1_341' title='bbox 871 4351 925 4406; x_wconf 90' lang='lat' dir='ltr'>nisi</span> <span class='ocrx_word' id='word_1_342' title='bbox 943 4353 986 4406; x_wconf 91' lang='lat' dir='ltr'>cui</span> <span class='ocrx_word' id='word_1_343' title='bbox 1005 4351 1040 4405; x_wconf 89' lang='lat' dir='ltr'>dc</span> <span class='ocrx_word' id='word_1_344' title='bbox 1058 4365 1101 4416; x_wconf 86' lang='lat' dir='ltr'>eo,</span> <span class='ocrx_word' id='word_1_345' title='bbox 1120 4350 1195 4419; x_wconf 89' lang='lat' dir='ltr'>quod</span> <span class='ocrx_word' id='word_1_346' title='bbox 1212 4349 1286 4404; x_wconf 88' lang='lat' dir='ltr'>inter</span> <span class='ocrx_word' id='word_1_347' title='bbox 1304 4367 1363 4404; x_wconf 88' lang='lat' dir='ltr'>cae·</span> 
     </span>
     <span class='ocr_line' id='line_1_40' title="bbox 226 4443 1361 4514; baseline 0.004 -20"><span class='ocrx_word' id='word_1_348' title='bbox 226 4461 320 4498; x_wconf 85' lang='lat' dir='ltr'>suram</span> <span class='ocrx_word' id='word_1_349' title='bbox 338 4447 366 4500; x_wconf 90' lang='lat' dir='ltr'>et</span> <span class='ocrx_word' id='word_1_350' title='bbox 385 4445 533 4501; x_wconf 87' lang='lat' dir='ltr'>diaeresim</span> <span class='ocrx_word' id='word_1_351' title='bbox 551 4444 674 4511; x_wconf 86' lang='lat' dir='ltr'>interest,</span> <span class='ocrx_word' id='word_1_352' title='bbox 693 4444 850 4501; x_wconf 85' lang='lat' dir='ltr'>discrimine</span> <span class='ocrx_word' id='word_1_353' title='bbox 863 4461 1013 4512; x_wconf 84' lang='lat' dir='ltr'>numquam</span> <span class='ocrx_word' id='word_1_354' title='bbox 1026 4443 1175 4514; x_wconf 83' lang='lat' dir='ltr'>quicquam</span> <span class='ocrx_word' id='word_1_355' title='bbox 1187 4443 1361 4514; x_wconf 85' lang='lat' dir='ltr'>innotuerit]</span> 
     </span>
    </p>
   </div>
   <div class='ocr_carea' id='block_1_7' title="bbox 277 4535 1159 4606">
    <p class='ocr_par' dir='ltr' id='par_1_9' title="bbox 277 4535 1159 4606">
     <span class='ocr_line' id='line_1_41' title="bbox 277 4535 1159 4606; baseline -0.005 -4"><span class='ocrx_word' id='word_1_356' title='bbox 277 4567 322 4602; x_wconf 62' lang='lat' dir='ltr'>fu.</span> <span class='ocrx_word' id='word_1_357' title='bbox 343 4567 505 4603; x_wconf 71' lang='lat' dir='ltr'>urracam!</span> <span class='ocrx_word' id='word_1_358' title='bbox 526 4568 668 4606; x_wconf 71' lang='lat' dir='ltr'>OPVSCVLA</span> <span class='ocrx_word' id='word_1_359' title='bbox 688 4568 719 4604; x_wconf 91' lang='grc'>11.</span> <span class='ocrx_word' id='word_1_360' title='bbox 1119 4535 1159 4598; x_wconf 61' lang='grc'>27</span> 
     </span>
    </p>
   </div>
   <div class='ocr_carea' id='block_1_8' title="bbox 0 0 1665 5102">
    <p class='ocr_par' dir='ltr' id='par_1_10' title="bbox 0 0 1665 5102">
     <span class='ocr_line' id='line_1_42' title="bbox 0 0 1665 5102; baseline 0 0"><span class='ocrx_word' id='word_1_361' title='bbox 0 0 1665 5102; x_wconf 95' lang='lat' dir='ltr'> </span> 
     </span>
    </p>
   </div>
  </div>
 </body>
</html>
