3276 5082
281 347 344 413 234
614 366 835 417 enosseaivu
857 365 1069 414 rnnvrmvn.

281 519 452 585 liruhensis
473 521 535 588 223
556 521 690 586 membr.
714 543 795 586 saec.
811 521 869 604 IX,
886 522 1060 605 posteriore
1075 519 1320 588 Darmatadinus
1334 523 1420 588 2190

281 631 358 695 olim
380 630 578 714 coloniensis
610 631 743 696 membr.
767 654 850 697 saec.
875 631 931 696 XI.
959 631 1163 715 Horumnos
1187 633 1329 698 codicum
1352 634 1419 718 ple-

280 740 445 806 nissimam
466 743 614 807 notitiam
637 743 758 807 amicae
779 743 1020 808 benevolentiae
1032 743 1165 808 Martini
1180 742 1304 808 Hertzii
1325 744 1417 809 debe-

281 875 368 936 muS,
401 855 435 918 et
455 852 747 918 Helberstadiensis
781 853 907 938 quidem
939 851 1025 917 haud
1056 853 1164 938 paullo
1186 855 1416 920 accuratiorem

282 985 378 1047 quam
409 985 490 1047 quae
519 963 568 1027 vel
600 963 766 1029 nobiscum
795 963 1028 1029 communicata
1050 967 1120 1028 erat
1141 964 1182 1028 ab
1205 964 1417 1051 Herlzbergio

284 1074 327 1158 (v.
352 1073 434 1138 Mus.
458 1073 562 1138 Rhen.
586 1096 659 1139 nov.
681 1075 698 1142 Ι
720 1098 751 1158 p.
775 1074 838 1140 315
860 1074 922 1159 sq.)
955 1073 1006 1138 vel
1038 1074 1201 1158 publicata
1235 1077 1275 1140 ab
1308 1076 1417 1141 eodem

225 1191 263 1241 tii
280 1184 315 1248 in
340 1183 448 1249 Iahnii
465 1173 593 1248 'Annei
627 1185 736 1268 philol.
761 1188 795 1249 et
827 1185 918 1269 paed.
947 1183 1057 1269 Suppl.
1086 1187 1110 1250 t.
1138 1185 1202 1251 VII
1224 1209 1255 1271 p.
1283 1186 1346 1252 275
1367 1209 1415 1272 sq.

279 1294 331 1359 En
363 1295 464 1380 igitur
495 1295 599 1379 ipsum
630 1294 821 1379 glossarium
853 1318 872 1358 a
905 1295 996 1360 nobis
1018 1297 1237 1380 emendatum,
1272 1297 1416 1364 subiecta

281 1403 424 1470 codicum
457 1405 683 1489 discrepantia,
717 1427 850 1490 quorum
872 1405 1164 1471 Halberetadiensis
1192 1407 1284 1471 nobis
1307 1410 1356 1472 est
1379 1413 1415 1491 A,

279 1515 523 1580 Darmstadinus
559 1523 600 1600 B,
638 1515 891 1582 Caroliruhensis
926 1522 958 1580 C.
1005 1514 1061 1604 [Et
1092 1517 1126 1580 in
1155 1516 1266 1584 horum
1288 1519 1415 1601 quidem

279 1627 376 1692 trium
399 1627 542 1692 codicum
565 1627 723 1710 scriptura
745 1627 905 1692 afferenda
927 1649 1015 1691 nunc
1036 1628 1176 1711 pressius
1191 1628 1293 1692 secuti
1308 1651 1416 1695 snmus

279 1736 379 1821 ipsius
402 1736 527 1802 Hertzii
559 1738 594 1801 in
616 1735 774 1802 Prisciani
807 1737 856 1802 sni
889 1736 951 1802 vol.
980 1736 1013 1801 II
1034 1759 1066 1821 p.
1089 1737 1131 1802 58
1154 1760 1200 1821 sq.
1225 1740 1414 1822 exemplum.

278 1847 399 1912 Eodem
432 1849 539 1912 autem
572 1850 700 1913 auctore
733 1847 908 1912 addidimus
941 1847 1016 1912 libri
1045 1847 1209 1912 cuiusdam
1231 1848 1415 1914 Heidelber-

278 1959 387 2043 gensis
422 1961 469 2043 (D)
490 1958 691 2041 testimonia,
726 1980 819 2043 qnem
847 1957 1109 2024 aLindemanno
1131 1959 1206 2022 olim
1228 1962 1413 2043 tractatum,

278 2069 398 2132 frustra
415 2069 480 2132 iam
492 2069 533 2133 ab
545 2069 678 2133 Hertzio
695 2069 810 2152 (praef.
823 2091 854 2152 p.
867 2067 929 2133 XX
944 2091 990 2153 sq.
1004 2069 1077 2133 adn.
1094 2069 1149 2153 88)
1163 2071 1352 2158 quaesitum,
1375 2092 1415 2136 ne

279 2200 338 2263 ego
360 2179 487 2263 quidem
510 2183 566 2243 aut
588 2180 681 2245 amici
703 2179 753 2243 vel
768 2179 1001 2265 Heidelbergae
1022 2179 1072 2244 vel
1088 2178 1163 2243 alibi
1179 2179 1413 2264 indagavimus,

278 2288 450 2354 Praeterea
477 2289 608 2374 quintus
632 2291 767 2355 accessit
789 2289 887 2354 codex
910 2290 1024 2374 aliquis
1047 2290 1272 2374 Scaligeranus
1296 2291 1362 2374 (E),
1397 2314 1414 2356 e

278 2422 340 2484 quo
362 2400 472 2464 eadem
494 2401 654 2485 exscripta
676 2400 802 2484 repperi
824 2400 859 2464 in
882 2399 999 2465 scheda
1021 2400 1134 2464 ultima
1148 2400 1283 2483 exempli
1300 2398 1413 2464 Basili-

278 2510 364 2574 ensis
386 2509 584 2596 Hervagiani
616 2533 645 2574 a.
672 2510 753 2576 1558
782 2510 866 2594 quod
897 2510 1092 2575 bibliotheca
1113 2509 1278 2574 Leidensis
1307 2515 1414 2575 servat

280 2621 444 2705 signatum
466 2620 556 2686 XIII.
580 2621 618 2686 Ο.
641 2620 713 2698 244,
740 2625 1019 2686 commemoratum
1040 2622 1105 2684 iam
1128 2620 1254 2704 Proleg.
1279 2643 1310 2704 p.
1328 2619 1412 2703 LIV,

277 2729 328 2795 his
350 2730 477 2815 quidem
500 2731 605 2796 verbis
632 2731 833 2816 praemissis:
877 2737 1044 2815 Advertia,
1080 2753 1159 2810 quac
1180 2737 1212 2794 in
1236 2736 1345 2795 Plauto
1367 2753 1412 2796 re-

272 2849 446 2926 periuntur,
469 2852 574 2908 notata
596 2862 616 2906 α
638 2849 733 2906 veteri
753 2843 890 2927 Critico.]

362 3050 528 3127 liruiisper.
552 3053 706 3127 tantisper.
750 3052 789 3111 In
817 3051 1001 3110 asinaria.
1025 3049 1184 3110 biunditcr.
1241 3051 1279 3110 Io
1306 3053 1412 3112 ouiu-

276 3163 390 3221 iorio.
429 3161 570 3222 donicum
593 3177 654 3236 pro
682 3163 785 3221 donec.
809 3176 937 3220 noenum
962 3176 1021 3235 pro
1043 3175 1113 3220 non.
1136 3161 1330 3222 aliovorsum.
1375 3161 1413 3220 In

276 3272 537 3332 bacchidibus.
567 3287 694 3331 noenum
718 3287 780 3346 pro
807 3287 878 3330 non.
929 3271 967 3330 In
995 3271 1174 3345 captiuis.
1199 3271 1348 3330 donicum.
1371 3274 1412 3330 ci-

276 3384 397 3442 tissime.
434 3387 693 3456 utroqueuorsum.
749 3381 787 3439 In
824 3381 967 3439 casina.
1002 3379 1151 3453 efflictim.
1179 3382 1411 3455 uliquouorsum.

278 3499 478 3510 ι--..---ι

348 3567 526 3621 lossiuoria
543 3561 588 3616 Bc
658 3563 773 3618 colaria
794 3559 839 3614 Bc
908 3561 1096 3617 inueniml)
1165 3564 1348 3619 aliovorsum.
1377 3563 1413 3619 Iit

277 3657 307 3711 Ε.
322 3659 379 3714 olio
398 3673 522 3715 uersum.
543 3656 577 3712 ln
590 3653 643 3708 Ae.
664 3657 820 3713 nliucrsum
838 3656 875 3711 In
886 3653 918 3707 D.
940 3656 1001 3710 Atto
1020 3671 1135 3711 uersum
1153 3653 1217 3711 inB
1286 3661 1301 3708 3
1320 3657 1412 3712 hacdi-

278 3752 361 3808 dibus
379 3747 449 3803 Aac
529 3750 572 3805 No
590 3747 706 3805 cnimD
774 3753 927 3817 introque
946 3765 1064 3806 norsum
1080 3745 1175 3801 ABCD
1256 3749 1412 3806 cassinaB

362 3844 500 3913 efflictum
519 3839 548 3896 G.
568 3842 707 3910 afflictum
724 3841 755 3894 B.
777 3843 912 3911 Afflictim
934 3841 956 3894 E
1043 3841 1234 3899 aiicouorsum
1260 3840 1291 3894 E.
1319 3843 1412 3909 reliquo

280 3967 477 3977 ...2-—.--—.-

277 4011 349 4080 signi
367 4009 559 4065 additamento
577 4009 746 4065 Bacchidum
763 4009 872 4064 initium
889 4009 972 4065 hodie
990 4009 1166 4080 deperditum
1184 4009 1412 4078 locupletavimus

276 4104 365 4160 Musei
384 4103 436 4160 nh.
456 4103 519 4158 novi
536 4106 556 4161 t.
573 4105 585 4157 Ι
601 4122 628 4174 p.
639 4110 697 4169 316,
714 4102 840 4174 plerique
859 4103 966 4158 codices
983 4105 1049 4172 post
1064 4103 1166 4158 librum
1177 4102 1215 4156 XI
1228 4103 1413 4172 perscriptum

276 4199 394 4264 habent,
413 4198 478 4266 poet
494 4197 558 4252 XVI
576 4199 669 4252 antem
690 4196 902 4252 Darmstadinus
925 4198 954 4250 et
970 4211 1043 4250 nono
1062 4197 1172 4251 sacculo
1190 4195 1307 4265 scriptus
1330 4196 1411 4248 Bam-

277 4289 434 4360 bergensie‚
462 4290 497 4345 de
520 4307 574 4359 quo
597 4309 685 4361 nuper
707 4289 824 4344 diximus
846 4290 971 4344 eiusdem
993 4288 1083 4344 Musei
1099 4291 1119 4343 t.
1137 4288 1175 4343 IV
1193 4307 1219 4358 p.
1239 4295 1296 4343 bii.
1332 4287 1413 4360 [Vide

276 4384 346 4442 Dise.
366 4383 404 4439 Vl
422 4383 501 4440 huius
520 4383 665 4440 voluminis
683 4383 797 4451 eiusque
816 4382 1019 4438 dissertationis
1036 4380 1239 4454 appendicem]
