3206 5102
533 383 709 433 raosomn
731 382 802 431 vos
826 377 1024 432 acrsnrvs
1085 387 1087 390 ·
1286 367 1349 434 665

209 564 318 608 versus
340 540 436 606 verba
458 539 505 604 sic
526 539 666 624 possint,
694 559 809 624 parurn
829 538 958 622 quidem
985 537 1160 624 eleganter,
1185 537 1350 603 collocari:

208 659 357 719 Damnum
379 659 505 717 ulterius
526 672 554 715 e.
570 672 601 735 q.
617 671 654 733 s.,
680 653 713 714 et
733 649 829 714 tertio
851 648 920 712 tolli
935 648 1146 734 praepositio:
1176 655 1255 716 Vua
1276 656 1349 714 ulte-

208 774 273 831 rius
294 771 415 844 sapiens
437 785 463 828 e.
487 784 518 847 q.
542 783 586 826 a:
613 765 723 826 tamen
750 760 800 824 vel
821 763 1033 845 transponere
1054 759 1151 824 verba
1174 760 1224 824 vel
1247 761 1349 826 eicere

211 899 283 942 cum
304 897 354 940 res
378 875 421 939 sit
442 873 521 938 satis
543 872 650 956 dubia,
673 875 743 936 tum
764 870 952 955 plenissima
974 870 1183 936 dubitationis
1206 875 1271 956 est,
1294 871 1350 937 ubi

209 1010 276 1053 non
297 986 401 1070 modo,
426 1007 481 1050 cur
503 984 603 1048 sinta
626 982 765 1048 librariis
786 982 923 1046 traiecta
936 982 987 1046 vel
1008 983 1121 1068 eiecta,
1146 1005 1259 1068 parum
1281 1005 1351 1068 per-

210 1099 358 1186 spicitur,
388 1095 563 1162 sedetiam
590 1095 623 1159 id
644 1093 715 1159 fieri
736 1093 789 1158 vix
816 1093 957 1179 potuisse
984 1095 1051 1158 tam
1079 1094 1172 1179 gravi
1193 1094 1352 1160 evincitur

211 1211 416 1298 argumento,
441 1206 533 1294 quale
554 1205 616 1271 hoc
638 1207 703 1288 est,
731 1204 816 1289 quod
837 1203 1015 1269 Publianae
1036 1205 1217 1272 sententiae
1239 1228 1350 1271 secun·

211 1323 285 1388 dunr
307 1322 487 1386 litterarum
509 1317 652 1383 ordinem
668 1315 823 1402 perscribi
846 1314 957 1380 solitae
973 1319 1076 1381 erant.
1121 1315 1194 1382 Huc
1215 1317 1350 1401 accedit,

209 1433 293 1519 quod
315 1433 350 1496 in
371 1429 601 1516 posterioribus
629 1427 750 1492 duobus
773 1426 916 1491 versibus
942 1427 1073 1512 quaevis
1097 1428 1276 1513 corrigendi
1299 1429 1351 1493 via

210 1544 336 1608 videtur
357 1541 533 1606 interclusa
555 1561 633 1605 esse.
677 1537 791 1622 Itaque
814 1559 873 1622 ego
895 1541 961 1602 tres
982 1537 1054 1601 illos
1070 1559 1178 1603 versus
1194 1538 1266 1623 Syri
1282 1559 1351 1604 essa

209 1676 303 1741 nego.
353 1651 423 1717 Nec
450 1652 567 1716 desunt
592 1649 685 1715 huius
712 1649 891 1713 sententiae
919 1651 1125 1734 argumenta:
1153 1669 1235 1733 quae
1263 1650 1289 1713 si
1313 1672 1352 1714 ex

210 1764 335 1830 dicendi
358 1783 476 1848 genere
498 1760 606 1825 omnia
628 1762 735 1823 essent
749 1759 861 1843 petita,
884 1780 934 1823 res
959 1759 1105 1823 confecta
1129 1762 1226 1844 esset,
1250 1760 1305 1824 sed
1319 1760 1352 1825 id

209 1877 245 1942 in
271 1896 371 1940 unum
397 1875 525 1937 tantum
552 1869 732 1956 exemplum
761 1869 856 1934 cadit.
907 1867 984 1945 Quis
1015 1873 1064 1934 est
1086 1869 1173 1934 enim
1194 1870 1352 1954 probatis-

211 1988 363 2052 simorum
385 1983 557 2048 latinitatis
580 1984 756 2064 auctorum,
781 1980 831 2044 cui
853 1985 939 2044 baud
959 1980 1152 2044 tantundem
1173 1980 1282 2045 valeat
1303 1985 1352 2046 at-

209 2120 270 2183 que
292 2095 352 2162 ne?
374 2095 512 2160 hancine
534 2092 751 2177 stribliginem
773 2090 905 2176 dignam
927 2093 1022 2175 poeta
1044 2091 1199 2155 iudicabis
1221 2094 1354 2177 propter

210 2207 365 2272 sermonis
388 2204 610 2270 castimoniam
626 2202 805 2267 collaudato
827 2201 1046 2266 aveteribus?
1067 2201 1151 2267 Nam
1174 2203 1351 2268 coniuncti-

210 2340 267 2382 vus
288 2317 343 2381 ille
365 2322 450 2382 baud
467 2319 572 2394 facita
593 2313 657 2378 nisi
681 2314 744 2379 vim
765 2312 900 2379 haberet
920 2312 1118 2397 imperativi,
1147 2312 1235 2378 nullo
1257 2316 1353 2400 pacto

211 2427 397 2493 conveniret
418 2427 453 2490 in
475 2425 669 2490 sententiam
691 2447 787 2510 quam
807 2427 926 2489 vocant
948 2445 1157 2489 communem.

295 2536 386 2613 Quod
414 2539 521 2601 autem
548 2536 661 2621 reliqui
688 2557 797 2601 versus
826 2536 893 2600 eius
921 2536 1005 2600 modi
1034 2535 1126 2620 lapsu
1154 2539 1286 2621 vacant,
1316 2558 1353 2602 eo
1373 2548 1404 2597 18

214 2648 297 2714 nihil
318 2647 472 2732 probatur
493 2646 556 2710 nisi
571 2646 642 2730 hoc,
665 2646 807 2731 potuisse
829 2667 937 2710 eorum
958 2646 1169 2711 fabricatores
1184 2647 1354 2731 aliquando

213 2760 311 2825 etiam
335 2779 446 2823 cavere
470 2757 547 2822 vitia
568 2755 728 2840 loquendi.
774 2755 835 2821 Sed
857 2755 996 2820 librariis
1025 2757 1096 2842 quis
1117 2758 1248 2842 ignorat
1269 2759 1355 2843 quic·

215 2892 310 2956 quam
332 2891 392 2934 usu
415 2868 540 2933 venisse
556 2867 755 2952 frequentius
771 2889 866 2952 quarn
882 2865 1001 2931 similes
1015 2867 1102 2932 inter
1116 2890 1150 2933 se
1166 2869 1353 2952 sententias,

212 3003 291 3067 quas
318 2979 502 3045 memoriola
530 2977 774 3063 suppeditabat,
809 2977 954 3042 conferre
983 2980 1077 3062 atque
1105 2979 1239 3044 alteram
1262 2980 1354 3044 alteri

212 3091 414 3156 adscribere?
441 3111 503 3174 quo
525 3089 648 3154 factum
671 3091 735 3172 est,
764 3092 800 3152 ut
822 3088 920 3153 etiam
942 3088 1135 3173 optimorum
1164 3090 1354 3175 scriptorum

210 3202 285 3267 libri
306 3204 356 3266 tot
373 3183 456 3265 locis
480 3200 758 3285 corrumperentur
788 3201 820 3262 et
848 3198 1129 3284 interpolarentur.
1175 3199 1354 3266 Eosdemne

210 3312 357 3378 librarios
379 3311 486 3376 credes
507 3310 673 3376 libidinem
694 3310 870 3375 coercuisse
892 3330 992 3394 suam,
1016 3311 1071 3375 ubi
1093 3309 1237 3396 singulos
1257 3313 1354 3376 versi-

214 3424 300 3489 culos
328 3445 389 3488 nec
417 3421 483 3486 ullo
510 3424 689 3487 sententiae
720 3422 846 3487 vinculo
873 3421 959 3486 inter
988 3442 1021 3486 se
1044 3442 1180 3487 conexos
1202 3424 1355 3488 transcri-

210 3534 349 3600 berent?
371 3533 539 3598 eosdemne
561 3555 674 3597 manus
690 3533 883 3598 abstinuisse
904 3533 946 3596 ab
962 3532 1191 3618 adspergendis
1213 3533 1354 3599 inseren-

211 3645 321 3731 disque
343 3642 518 3727 versiculis,
542 3665 619 3729 quos
642 3643 692 3708 vel
714 3644 958 3709 recordarentur
972 3642 1023 3708 vel
1044 3665 1101 3708 auo
1124 3643 1259 3708 artificio
1283 3666 1355 3710 cun-

212 3755 367 3820 suerent‘?
403 3754 530 3839 quando
562 3753 671 3839 pusilli
708 3754 833 3839 ingenii
868 3753 1083 3818 imbecillitati
1115 3753 1197 3818 nihil
1229 3757 1357 3839 poterat

211 3865 373 3950 acceptius
401 3886 469 3930 esse
498 3867 594 3949 atque
627 3865 807 3949 exoptatius
835 3885 931 3948 quam
960 3864 1184 3950 pervulgatam
1216 3865 1356 3951 aliquam

211 3975 406 4042 sententiam
438 3978 471 4039 et
500 3975 660 4040 cotidiana
700 3973 928 4040 consuetudine
962 3976 1134 4040 contritam
1169 3976 1204 4040 in
1237 3975 1356 4040 senarii

212 4086 344 4152 iambici
371 4086 451 4150 fines
480 4086 570 4170 quasi
597 4085 758 4150 infercire.
811 4084 873 4150 Sed
898 4085 1166 4170 intemperantior
1193 4085 1262 4151 sine
1289 4086 1356 4152 ulla

211 4195 427 4263 controversia
450 4195 606 4260 editorum
633 4195 696 4260 fuit
717 4195 825 4259 libido.
875 4192 981 4260 Publii
1008 4196 1093 4260 enim
1114 4195 1185 4281 Syri
1209 4197 1356 4262 versiculi

212 4331 284 4374 cum
305 4309 425 4393 partim
453 4306 570 4370 servati
598 4306 665 4370 sint
687 4329 705 4370 a
729 4305 887 4370 veteribus
915 4306 1104 4392 quibusdam
1133 4306 1353 4392 scriptoribus,

212 4419 299 4484 velut
327 4439 345 4482 a
374 4416 511 4502 Seneca,
543 4415 662 4502 Gellio,
693 4415 872 4502 Macrobio,
905 4417 1025 4503 partim
1047 4418 1221 4503 separatim
1243 4419 1355 4503 scripti
