3206 5102
273 367 337 433 664
603 381 779 432 rnosonm
801 382 873 431 vos
895 377 1093 430 Arrsmvs,

358 538 453 604 Prius
476 541 584 603 autem
599 559 694 621 quam
710 559 783 603 eum
806 537 1033 623 disputationis
1050 561 1177 604 cursum
1199 539 1425 627 instituemus,

274 652 328 738 qui
344 651 469 716 videtur
489 650 525 715 in
540 649 601 714 hoc
616 670 734 734 genere
756 650 915 714 tenendus
930 671 1010 734 esse,
1034 650 1197 716 videamus
1213 652 1304 717 daeo
1328 675 1426 719 versu

274 786 368 849 quem
390 762 552 847 posuimus
574 760 758 826 secundum.
802 759 835 825 Is
858 761 943 825 enim
966 761 1007 825 ab
1029 759 1091 826 hac
1112 763 1300 846 quaestione
1322 763 1425 848 plane

275 878 324 939 est
344 873 576 959 seiungendum
598 893 675 937 nam
696 873 909 957 quotcumque
930 873 966 937 in
987 893 1024 938 eo
1046 875 1176 938 exstant
1190 874 1352 940 scribendi
1367 897 1425 960 ge·

274 1007 369 1070 nera,
404 1006 442 1049 aa
463 983 572 1049 omnia
594 983 769 1069 quomodo
791 987 863 1048 orta
895 982 962 1049 sint
988 983 1143 1050 facillime
1165 985 1361 1071 perspicitur
1382 1009 1425 1053 ex

274 1096 412 1183 pristina
433 1094 527 1161 huius
549 1117 659 1160 versus
681 1095 798 1179 specie,
821 1117 917 1180 quam
938 1093 1023 1161 hanc
1044 1095 1144 1161 fuisse

427 1264 480 1326 Bis
503 1267 559 1325 est
580 1263 674 1324 mori
696 1262 820 1324 alterius
843 1263 967 1322 arbitrio
992 1263 1087 1324 mori

276 1455 336 1520 ego
359 1431 484 1518 pridem
507 1450 703 1514 censueram,
728 1451 800 1494 cum
821 1428 906 1494 idem
921 1429 960 1493 de
983 1429 1093 1496 eodem
1107 1453 1201 1496 versu
1216 1431 1327 1498 Bothii
1350 1455 1424 1499 esse

274 1544 428 1610 iudicium
458 1541 532 1607 vidi.
576 1539 707 1606 Etenim
741 1540 985 1616 usitatissimum
1017 1553 1061 1606 cst
1092 1543 1238 1610 vocabuli
1272 1565 1425 1630 compen-

274 1657 404 1734 diumc‘
426 1653 482 1718 ubi
504 1652 767 1738 adstringebatur
790 1652 831 1717 ad
852 1652 1029 1740 proximam
1051 1675 1177 1738 vocem,
1206 1654 1342 1739 protulit
1363 1655 1425 1720 im-

274 1771 448 1854 portunum
476 1763 556 1828 illud
583 1771 692 1844 emori,
723 1763 807 1849 quod
829 1785 848 1827 a
871 1762 974 1828 Gudio
1004 1765 1261 1832 commendatum
1288 1765 1423 1831 adnota-

275 1880 363 1944 tione
386 1877 427 1942 ad
441 1874 579 1940 Phaedri
600 1874 667 1939 fab.
684 1874 723 1958 I‚‘
735 1875 765 1960 6,
789 1875 819 1958 8,
844 1874 885 1938 ab
907 1874 987 1939 Iano
1011 1878 1118 1940 autem
1134 1875 1270 1941 Grutero
1293 1899 1424 1962 suscep·

275 1993 343 2055 tum
355 1989 391 2054 in
402 1985 610 2073 Florilegium
622 1985 920 2070 ethico-politicum,
934 1985 1054 2050 editum
1065 1986 1271 2052 Francofurti
1283 2009 1312 2052 a.
1325 1988 1420 2072 1610,

275 2121 363 2166 nunc
383 2099 552 2184 vulgatum
575 2099 633 2162 est.
677 2097 784 2182 Atque
813 2118 851 2161 ex
880 2095 990 2160 eodem
1018 2095 1073 2161 illo
1096 2099 1286 2183 compendio
1309 2121 1423 2164 mana-

275 2214 338 2295 vit,
368 2209 451 2296 quod
479 2208 648 2295 legebatur
681 2210 756 2272 ante
786 2206 940 2272 Gudium:
975 2212 1019 2272 tis
1045 2215 1122 2273 enim
1150 2216 1244 2288 mori,
1275 2209 1350 2274 inde
1379 2201 1422 2275 ab

276 2323 411 2388 Erasmo
433 2319 609 2406 vulgatum.
654 2317 774 2396 Quodsi
795 2318 955 2403 inpriore
977 2317 1047 2382 loco
1062 2319 1202 2403 positum
1223 2323 1294 2384 erat
1314 2329 1419 2401 emori,

276 2433 417 2520 proclive
445 2435 515 2496 erat
544 2429 654 2496 eodem
682 2430 774 2494 modo
801 2451 910 2495 versus
939 2429 1058 2494 exitum
1080 2429 1291 2517 interpolare,
1315 2435 1352 2496 ut
1373 2435 1424 2496 est

278 2545 363 2632 apud
392 2543 579 2609 Gruterum:
612 2545 656 2608 br's
685 2553 730 2607 cst
755 2548 835 2606 mori
861 2547 986 2606 ulterius
1014 2545 1142 2606 arbitrio
1169 2535 1273 2607 emori.
1319 2541 1422 2619 Quam

277 2655 406 2743 quidem
428 2655 620 2740 scripturam
643 2675 707 2718 una
722 2652 850 2717 sublata
871 2651 1013 2716 litterula
1027 2651 1171 2737 perpolio
1193 2653 1249 2736 sic,
1272 2656 1424 2738 utsupra

279 2765 467 2834 commonui.
512 2764 598 2830 Nam
619 2786 686 2829 non
707 2765 814 2849 potest
842 2762 1014 2848 quicquam
1041 2763 1177 2849 cogitari
1204 2763 1345 2849 ineptius
1366 2763 1424 2828 illo

229 2894 259 2944 17
279 2879 454 2966 composito
475 2876 573 2942 verbo
595 2882 709 2954 emori,
740 2895 802 2959 quo
824 2877 857 2938 et
879 2875 1059 2939 sententiae
1086 2874 1258 2961 integritas
1283 2895 1421 2940 corrum-

277 2993 367 3080 pitur
388 2994 421 3056 at
443 2989 660 3075 oppositorum
682 2985 807 3050 tollitur
829 2985 1041 3050 concinnitas.

362 3102 415 3168 Ita
436 3103 545 3166 autem
567 3099 628 3164 etsi
650 3119 749 3162 uuum
771 3097 962 3161 removimus
984 3097 1175 3183 exemplum,
1201 3100 1311 3161 tamen
1333 3117 1424 3181 prae·

278 3221 329 3282 ter
349 3235 477 3278 versum
504 3209 652 3293 tertium,
687 3208 726 3272 de
758 3227 821 3293 quo
853 3206 1018 3293 aliquanto
1048 3210 1122 3291 post
1155 3207 1217 3272 crit
1245 3207 1424 3272 disserendi

279 3328 379 3411 locus,
403 3322 479 3409 quid
500 3321 559 3386 fiat
580 3317 734 3406 reliquis?
763 3319 810 3383 At
824 3318 903 3382 haec
919 3339 1043 3403 quoque
1065 3317 1093 3381 si
1114 3317 1220 3382 minus
1242 3317 1423 3401 removebo,

281 3439 366 3504 certe
395 3431 642 3521 argumentandi
669 3431 717 3515 vi,
748 3433 784 3494 ut
811 3450 919 3514 spero,
947 3429 1089 3513 privabo.
1134 3427 1237 3505 Quam
1259 3431 1368 3508 autem
1388 3429 1425 3493 in

145 3551 147 3554 ’
279 3549 455 3615 honorem
483 3545 727 3630 exprompturus
755 3561 825 3605 sum
858 3539 1090 3623 coniecturam,
1121 3560 1192 3604 eam
1217 3560 1282 3604 nou
1315 3538 1426 3603 dubito

280 3661 359 3748 quin
381 3653 530 3724 nonnulli
551 3653 722 3719 temeraria
743 3673 813 3717 esse
836 3650 969 3716 audacia
992 3650 1207 3736 excogitatam
1230 3649 1426 3716 clamitaturi

281 3773 348 3838 sint
370 3773 403 3835 et
418 3765 598 3834 cavillatum
619 3763 704 3830 haud
719 3762 931 3828 mediocriter.
976 3760 1096 3838 Quibus
1118 3761 1332 3846 reputandum
1346 3759 1424 3824 illud

282 3887 341 3968 est,
364 3881 444 3946 haec
466 3879 575 3944 omnia
596 3897 663 3942 non
686 3873 862 3960 excogitari
885 3873 925 3938 ad
947 3893 1064 3938 novam
1086 3872 1246 3957 quandam
1269 3874 1301 3935 et
1323 3870 1424 3936 incer-

281 3999 350 4061 tam
371 3991 556 4078 opinionem
576 3987 640 4054 levi
662 3986 799 4073 quadam
813 3983 1051 4071 probabilitatis
1073 3983 1179 4067 specie
1200 3985 1314 4068 argute
1336 4003 1424 4046 exor-

282 4104 435 4186 nandam,
459 4101 514 4168 sed
536 4099 576 4166 ad
598 4089 824 4164 stabiliendam
851 4095 918 4161 eius
946 4093 1032 4159 modi
1054 4091 1248 4158 sententiam
1276 4091 1424 4176 proferri,

205 4221 209 4230 '
283 4237 365 4303 quae
387 4218 420 4280 et
441 4210 610 4298 analogiae
631 4210 693 4275 fide
716 4212 748 4274 et
762 4208 1024 4274 documentorum
1046 4203 1207 4290 gravitate
1229 4203 1347 4268 dudum
1369 4223 1425 4267 no-

286 4328 333 4393 bis
358 4327 405 4392 sit
424 4345 588 4411 persuasa.
642 4319 740 4386 Enim
767 4340 841 4385 vero
868 4317 995 4384 illorum
1020 4315 1087 4380 vim
1115 4315 1330 4398 exemplorum
1357 4333 1425 4377 nou

154 4512 158 4520 ,
286 4437 425 4507 conabor
452 4435 596 4523 equidem
619 4431 739 4498 diluere
762 4428 976 4514 emendand03
1004 4447 1195 4514 quamquam
1223 4423 1308 4490 enim
1329 4423 1427 4508 primi
