3302 5096
588 347 804 410 vnnruoovrn
827 343 1015 394 susumus.
1307 323 1370 387 433

233 525 362 588 prorsus
390 505 536 589 ignorat,
570 503 652 586 apud
681 525 774 590 quem
801 502 934 567 noviens
957 519 1096 580 purpure
1123 498 1244 575 exstat,
1274 493 1370 560 semel

232 623 386 699 purpurio,
411 618 461 679 ter
477 635 671 704 expurgare:
694 636 756 698 quo
778 613 902 678 accedit
924 612 1007 698 quod
1029 610 1163 676 eandem
1186 608 1270 672 eirca
1286 606 1370 670 idem

233 729 359 810 tempus
382 727 531 813 (sirecte
554 725 746 790 coniecimus
761 724 864 789 Musei
885 723 988 789 nostri
1002 726 1027 786 t.
1043 721 1091 786 IX
1105 744 1137 806 p.
1157 720 1227 804 160)
1250 717 1371 782 factum

234 839 339 902 senati
367 836 546 902 consultum
573 835 613 900 de
634 835 820 901 liburtibus
849 839 970 919 servat,
998 835 1117 919 inquo
1146 831 1372 914 scriptumest

236 964 982 1026 aususausus·usnvs·vos·rvnccvrsr1s
1006 948 1038 1010 et
1058 957 1369 1008 nnmmsnnsvs·

236 1073 725 1124 sunnrvs1·rvnonrr·ssr1s:
764 1059 820 1123 sed
842 1058 926 1143 apud
961 1057 1063 1140 ipsum
1091 1054 1241 1119 Plautum
1274 1073 1372 1116 unum

236 1174 321 1236 certe
350 1170 578 1236 contractionis
607 1170 785 1254 exemplum
812 1169 909 1254 plane
937 1190 1004 1233 non
1031 1169 1268 1232 controversum
1293 1160 1371 1226 illud

236 1285 285 1345 est
306 1281 408 1347 Stichi
430 1305 460 1346 v.
483 1281 562 1348 359:

362 1418 434 1483 'Alii
455 1424 544 1500 piscis
567 1424 743 1501 depurgata,
768 1423 842 1501 quts
864 1423 998 1500 piscator
1019 1421 1134 1480 attulit.

321 1555 472 1640 Superest
494 1558 600 1620 autem
622 1557 658 1620 ut
679 1555 718 1619 de
740 1577 804 1620 uno
825 1557 878 1639 qui
896 1554 1036 1639 reliquus
1051 1559 1100 1617 est
1114 1572 1207 1616 versu
1222 1551 1372 1616 Plautino

236 1668 424 1750 quaeratur,
448 1665 633 1730 Aululariae
654 1665 712 1749 IV,
738 1665 796 1750 10,
810 1665 873 1731 23:

298 1807 368 1868 Non
382 1809 424 1867 mi
438 1807 573 1868 homines
588 1809 710 1884 placent
726 1809 787 1885 qui,
811 1809 931 1884 quando
949 1809 1027 1868 mtle
1044 1807 1187 1880 fecerunt,
1203 1805 1371 1882 purgitant.

235 1946 287 2011 Ita
309 1948 395 2012 enim
417 1948 572 2032 scriptum
593 1947 692 2012 habet
713 1969 791 2012 sane
820 1971 891 2013 cum
915 1950 1028 2013 ceteris
1049 1946 1151 2012 Vetus
1174 1945 1288 2027 codex,
1317 1943 1372 2009 sed

235 2062 273 2122 ut
292 2057 388 2122 fidem
409 2061 517 2124 tamen
539 2059 593 2122 vix
614 2059 769 2123 inveniat.
813 2057 887 2123 Non
910 2059 1042 2124 nitimur
1063 2057 1249 2122 mutationis
1270 2055 1372 2120 facili-

236 2171 314 2252 tate,
337 2191 400 2254 qua
419 2175 568 2250 puriauut
589 2170 647 2234 fist
668 2191 798 2254 prorsus
819 2169 860 2234 ad
883 2169 1124 2236 similitudinem
1138 2168 1223 2232 illius
1240 2167 1275 2231 in
1290 2165 1372 2230 Mer-

159 2265 162 2270 *
237 2283 343 2344 catere
366 2279 501 2364 exempli
523 2301 647 2344 numero
663 2287 804 2360 purique,
829 2281 883 2345 ubi
904 2282 981 2346 item
1004 2281 1147 2345 absolute
1168 2278 1308 2364 positum
1325 2281 1373 2341 est

234 2411 373 2470 purpure
393 2412 452 2475 pro
471 2411 609 2470 purpure
631 2397 750 2471 aliquid
769 2392 819 2457 vel
840 2415 872 2457 se
888 2413 1045 2473 purpure:
1068 2390 1122 2456 sed
1145 2390 1252 2474 paullo
1274 2392 1307 2454 et
1327 2410 1373 2452 re·

237 2500 412 2566 conditiore
434 2504 467 2565 et
488 2502 635 2585 graviore
657 2503 937 2587 argumentatione
952 2503 1070 2567 utimur
1085 2524 1123 2566 ex
1138 2502 1208 2585 ipsa
1223 2498 1373 2582 analogia

236 2611 367 2697 linguae
395 2612 547 2697 petita.*)
596 2611 768 2678 Enimvero
796 2617 964 2698 postquam
991 2618 1179 2692 obiurqitore
1208 2611 1294 2675 verbi
1322 2631 1372 2672 ex-

237 2723 343 2806 empla
365 2726 563 2787 evanuenmt
585 2724 703 2807 omnia,
727 2725 858 2788 omnino
879 2723 941 2789 hoc
961 2725 996 2788 in
1018 2745 1080 2808 quo
1096 2743 1260 2788 versamur
1273 2742 1373 2784 unum

237 2832 339 2896 solum
361 2831 509 2897 relictum
531 2837 581 2898 est
601 2834 768 2898 iterativae
790 2836 825 2899 in
847 2857 884 2899 eo
907 2855 1024 2920 genere
1046 2835 1195 2898 universo
1209 2832 1372 2896 formatio-

236 2943 288 3007 nis
311 2943 545 3008 testimonium:
574 2944 637 3008 nisi
663 2944 747 3030 quod
769 2967 786 3010 e
808 2944 980 3029 deperditis
1007 2944 1151 3029 partibus
1174 2942 1372 3008 Cistellariae

237 3052 318 3117 haec
342 3057 424 3128 Quae
445 3031 534 3134 quasi
558 3063 714 3133 carnificis
740 3063 904 3136 onpiporto
926 3063 1093 3136 purpt'tuns
1121 3053 1185 3138 (vel
1201 3059 1373 3134 numitoris

237 3163 410 3228 secundum
437 3163 624 3230 Leidensem
652 3165 805 3253 codicem)
834 3165 959 3232 Nonius
981 3189 1013 3250 p.
1039 3165 1100 3230 190
1120 3163 1269 3250 protulit,
1299 3185 1373 3249 quo·

237 3294 307 3338 rum
329 3281 365 3338 ut
386 3275 464 3338 fides
487 3276 533 3340 ita
555 3278 750 3342 existimatio
765 3277 862 3342 nimis
882 3278 1006 3342 incerta
1039 3279 1097 3341 est.
1122 3275 1186 3340 Lex
1202 3277 1372 3340 astantem

237 3383 378 3469 linguae,
401 3387 469 3449 ute
486 3387 589 3451 verbis
604 3387 805 3470 derivativis,
827 3411 907 3472 quae
923 3410 987 3451 una
1003 3387 1125 3471 syllaba
1141 3384 1283 3450 auctiora
1298 3387 1374 3448 sunt

237 3495 418 3578 primitivis,
441 3518 508 3560 non
530 3519 679 3582 umquam
693 3520 777 3563 nova
792 3499 989 3562 derivatione
1003 3498 1101 3563 verba
1116 3497 1265 3562 iterativa
1279 3496 1372 3560 fiant.

237 3604 395 3688 Licuerat,
420 3606 447 3670 si
469 3607 652 3692 placuisset,
676 3631 693 3672 e
711 3631 830 3690 purore
852 3616 957 3674 iurare
978 3630 1112 3673 narrare
1133 3606 1277 3672 derivare
1289 3611 1373 3685 puri-

238 3726 305 3780 ture
327 3722 456 3782 inritare
477 3725 634 3783 carritum
654 3719 773 3784 formas
795 3721 832 3782 ut
845 3725 1004 3786 clamitare
1018 3726 1194 3800 quaeritare
1208 3739 1225 3782 e
1239 3722 1376 3782 clamare

238 3847 385 3906 quumere
407 3831 502 3912 atque
525 3828 603 3895 adeo
624 3837 775 3898 cantitare
793 3837 944 3897 cursitare
965 3853 982 3895 e
1003 3843 1132 3896 cantare
1146 3849 1286 3895 cursore:
1309 3847 1374 3890 non

238 3937 341 4022 magis
370 3938 489 4003 licebat
515 3941 566 4006 vel
591 3949 792 4022 paraq-iture
812 3949 1004 4022 inuigilare
1032 3941 1081 4006 vel
1108 3943 1372 4020 παν-1911111111·

305 4195 330 4262 *l
350 4193 435 4264 [Nihil
452 4196 546 4250 lamen
564 4195 671 4262 horum,
689 4195 789 4265 quibus
806 4202 944 4267 purique!
961 4199 1079 4253 sormam
1097 4193 1305 4260 vindicavimus,
1322 4209 1371 4246 nu-

237 4301 305 4354 pero
323 4287 482 4344 Aululariae
501 4288 603 4360 editori
622 4289 844 4359 Cantabrigiensi
862 4293 898 4355 (a.
919 4295 994 4361 1806)
1019 4291 1155 4346 Guilelmo
1173 4289 1315 4358 Wagnero
1334 4286 1372 4338 in·

238 4377 358 4435 notuisse
376 4381 505 4454 videtur]

289 4503 332 4539 FR-
353 4503 514 4540 urrscnnnu
534 4505 677 4542 OPVSCVLA
696 4507 728 4542 11.
1128 4471 1168 4536 28
