3206 5102
778 1179 906 1290 ΧΠ.

561 1380 737 1476 Prosodle
767 1405 839 1474 von
868 1381 1130 1500 allerias.*)

771 1607 920 1618 —u-——n—-n

799 1759 892 1854 1.**)

223 1966 254 2015 15
357 1951 526 2010 Alterius
560 1943 648 2009 vocis
676 1964 827 2008 mensura
861 1945 1017 2029 paeonica
1051 1948 1112 2014 etsi
1145 1971 1216 2014 cum
1244 1972 1420 2035 puerorum

272 2079 326 2123 ore
348 2060 419 2122 tum
440 2055 669 2141 magistrorum
691 2054 921 2120 consuetudine
949 2056 1028 2121 trits
1054 2056 1149 2125 hodie
1178 2064 1228 2127 est
1250 2063 1283 2126 et
1305 2083 1419 2147 perva-

273 2171 366 2256 gata,
396 2170 506 2232 tomen
539 2188 603 2251 qua
636 2163 687 2230 vel
718 2165 843 2230 ratione
876 2166 1034 2232 niteretur
1073 2167 1125 2234 vel
1154 2172 1364 2257 auctoritate,
1400 2195 1420 2237 a

273 2278 365 2345 nullo
392 2277 468 2343 dum
499 2276 692 2360 explicatum
720 2278 779 2342 est.
834 2276 942 2362 Atque
970 2278 1140 2366 analogiae
1173 2281 1301 2366 quidem
1328 2282 1420 2348 illam

274 2410 455 2477 repugnare
477 2386 659 2473 prosodiam
680 2387 716 2452 in
737 2388 907 2474 propatulo
928 2391 993 2474 est3
1016 2390 1161 2475 exempla
1184 2395 1289 2457 autem
1311 2394 1420 2479 qualia

274 2502 398 2568 habent
418 2498 473 2564 isti
494 2497 693 2585 magistelli?
725 2497 856 2565 Scilicet
869 2499 1042 2566 versiculos
1057 2501 1223 2585 proferent
1245 2503 1283 2568 de
1299 2525 1420 2591 genere

275 2611 450 2697 dactylico,
474 2632 540 2674 non
560 2613 763 2694 reputantes,
787 2609 849 2676 hoo
869 2614 965 2697 pacto
986 2612 1083 2677 etism
1106 2619 1195 2679 ιιιίιιι
1215 2621 1307 2680 solius
1328 2622 1421 2681 totius

238 2743 241 2748 ·
274 2722 502 2789 vocabulorum
524 2720 704 2807 prosodiam
726 2743 819 2806 posse
846 2721 1038 2806 dactylicam
1059 2723 1286 2790 demonstrari:
1309 2747 1421 2810 quam·

275 2857 371 2921 quam
392 2834 427 2898 in
449 2831 528 2898 haec
551 2855 592 2898 ne
615 2831 724 2899 eadem
740 2833 867 2918 quidem
882 2834 1057 2899 necessitas
1081 2834 1167 2900 cadit
1187 2837 1332 2920 metrica,
1356 2859 1421 2922 qua

276 2953 403 3012 alterim
431 2943 517 3008 vocis
545 2965 695 3008 mensura
722 2942 920 3010 ditrochaica
947 2945 1126 3010 excluditur
1154 2946 1195 3010 ah
1220 2945 1419 3012 hexametro.

276 3057 366 3134 Quod
388 3077 461 3121 cum
482 3054 529 3119 ite
551 3055 609 3139 sit,
639 3053 735 3119 etiam
757 3055 784 3118 si
812 3076 854 3120 ne
880 3077 980 3121 unum
1005 3055 1132 3141 quidem
1160 3057 1341 3141 exemplum
1366 3081 1421 3122 ex-

276 3171 377 3232 staret
398 3165 572 3251 productae
586 3163 728 3249 syllabae
743 3165 970 3250 paenultimae,
993 3170 1102 3232 tamen
1118 3167 1173 3232 isti
1188 3168 1317 3252 quidem
1336 3167 1421 3233 nihil

276 3277 395 3342 dixisse
417 3276 611 3341 viderentur.
656 3275 740 3353 Quid
767 3278 865 3341 vero?
893 3277 976 3362 quod
1004 3277 1069 3342 iam
1090 3278 1247 3364 Aegidius
1268 3279 1422 3345 Foreelli-

277 3411 338 3455 nus
364 3387 443 3452 duos
470 3387 603 3471 protulit
631 3387 869 3452 Terentisni
897 3386 1023 3453 Mauri
1051 3409 1176 3472 versus,
1205 3389 1266 3454 viri
1299 3389 1334 3454 in
1356 3387 1421 3456 hoo

277 3520 395 3588 genere
417 3497 610 3586 gravissimi,
635 3497 770 3562 alterum
792 3521 824 3584 p.
847 3497 932 3562 2432
954 3499 1002 3563 sd.
1025 3498 1156 3565 Putsch.
1182 3497 1222 3588 [v.
1246 3499 1342 3594 2184]

563 3630 626 3692 Neo
647 3633 769 3693 elterius
791 3633 928 3710 indigens
951 3634 1017 3710 opis
1039 3633 1121 3695 veni:

345 3869 370 3936 ²⁸)
399 3865 455 3938 [Da
481 3864 556 3920 dicse
585 3863 763 3935 Streitfrage,
790 3883 839 3920 um
866 3883 899 3920 ιι
926 3865 1017 3921 cinom
1044 3864 1179 3936 gewissen
1208 3867 1359 3924 Absehluss
1386 3889 1422 3926 ιιι

277 3963 417 4028 hommen,
433 3958 630 4014 verschicdene
648 3957 764 4015 Studien
782 3959 832 4014 der
848 3959 1064 4030 Untersuchong
1081 3977 1114 4014 ιιι
1132 3958 1313 4016 dorchleufen
1328 3961 1420 4030 hatte,

278 4071 309 4110 eo
330 4054 406 4109 blieb
433 4051 523 4109 niehts
553 4051 637 4122 r'ibrig
664 4053 704 4108 als
732 4051 820 4120 dicre,
848 4053 921 4108 trotn
949 4053 999 4108 der
1026 4052 1150 4110 dadureh
1173 4054 1422 4124 herbeigeffihrten

277 4147 399 4218 lestigen
415 4146 685 4217 Wiederholungen,
703 4145 774 4201 eben
791 4163 821 4202 so
839 4147 990 4203 successive
1007 4145 1069 4203 hier
1085 4147 1284 4218 rorzufuhren,
1309 4147 1361 4203 wie
1379 4147 1420 4205 sic

279 4243 353 4298 ihrer
372 4240 433 4297 Zeit
449 4257 486 4296 an
503 4239 548 4296 die
567 4239 792 4297 Ocffentlichlreit
808 4241 923 4312 tratem]

347 4337 388 4404 ⁰)
408 4335 477 4407 [hus
494 4335 548 4390 den
570 4333 707 4399 ‘Schedoe
729 4333 852 4389 criticae·
877 4333 1142 4405 (HalisSax.1829)
1165 4353 1192 4414 p.
1213 4341 1320 4390 15-20.
1355 4333 1420 4414 Vgr.

280 4430 330 4487 Bd.
348 4429 360 4486 l
379 4427 468 4486 dieser
486 4428 626 4504 Opusoula
642 4447 670 4504 p.
689 4425 760 4500 lle]
