3300 5102
286 297 349 362 252
396 311 401 318 ·
629 313 850 365 enossuarvu
874 316 1086 364 rnuvrnuvu.

370 469 415 533 ln
437 469 719 535 Menaechmis.
763 471 802 534 31
827 476 999 549 lonpulc:
1022 469 1108 533 Men.
1132 470 1213 554 prol.
1230 470 1271 534 64
1292 476 1330 534 ut
1353 476 1426 534 urbe

285 585 348 644 lucu
368 583 505 659 lo'npule:
528 579 675 645 similiter
698 583 793 665 atque
809 579 892 644 itud.
909 579 936 661 Ι,
952 579 983 661 5,
1000 579 1020 645 8
1043 580 1132 664 (266)
1147 580 1235 646 'Ilico
1256 586 1328 646 hinc
1350 581 1425 646 rinus

285 696 347 754 hau
368 692 489 769 lo'npule
510 712 550 754 ex
572 694 629 756 lude
650 699 735 770 loco,
760 691 811 755 vel
832 689 905 754 Ter.
929 689 1029 754 Haut.
1053 688 1100 773 ll,
1124 690 1155 772 2,
1182 690 1220 754 10
1242 689 1332 776 (239)
1354 696 1425 758 lriuc

284 807 415 879 lonpule.
461 801 491 865 A
513 802 660 886 qualibus
682 800 845 886 profectus
868 803 918 864 est
940 799 1127 884 Appuleius.

368 909 410 975 32
433 917 649 977 assulatim:
673 911 759 977 Men.
783 911 825 995 V,
841 912 872 994 2,
899 911 959 976 106
982 909 1072 997 (859)
1096 931 1190 976 versu
1211 911 1423 995 impeditiore,
1489 897 1492 900 ¹

285 1020 375 1085 cuius
398 1022 588 1114 emendandi
616 1023 643 1086 si
666 1023 759 1087 modo
791 1021 991 1106 probabilem
1018 1022 1103 1086 viam
1132 1021 1192 1085 inii
1218 1021 1254 1086 in
1285 1022 1424 1087 editione

284 1130 338 1214 (de
360 1153 422 1216 quo
444 1154 531 1196 nunc
553 1133 645 1197 valde
667 1133 803 1218 dubito),
829 1132 923 1196 debui
946 1132 1060 1197 saltem
1085 1129 1124 1219 [et
1145 1131 1316 1222 concidam]
1340 1136 1423 1199 issu·

283 1247 368 1306 lutim
390 1249 426 1305 ei
446 1244 573 1308 urhcuu.
618 1242 738 1308 Iterum
765 1245 861 1327 poeta
889 1241 982 1327 Gapt.
1005 1240 1063 1325 IV,
1086 1243 1117 1326 2,
1146 1242 1188 1307 52
1217 1242 1306 1328 (832)
1335 1245 1425 1308 Pn'us

283 1373 373 1431 quum
393 1359 542 1432 pultando
563 1356 719 1419 arcuatim
743 1356 864 1431 [oritus
884 1355 1010 1419 cuttidrn
1032 1358 1120 1418 dubo.

367 1462 409 1526 33
431 1469 653 1544 derepente:
675 1463 762 1529 Men.
786 1463 827 1547 V,
850 1463 887 1547 2,
914 1463 972 1526 121
997 1463 1087 1548 (874)
1112 1467 1152 1527 Ei
1171 1465 1335 1543 derepente
1356 1466 1423 1528 ta'n·

283 1583 330 1636 tus
357 1578 477 1639 morbus
504 1576 620 1640 incidit.
664 1574 752 1639 Idem
780 1574 966 1638 adverbium
994 1573 1244 1658 glossographus
1272 1571 1379 1656 potuit
1406 1597 1423 1638 e

283 1681 378 1748 Most.
402 1683 444 1767 ΙΙ,
467 1685 499 1768 2,
522 1685 562 1750 57
587 1685 677 1772 (488)
700 1688 822 1749 notare.
1436 1755 1439 1764 ,

366 1793 412 1857 Ιιι
434 1793 694 1859 Mostellaria.
720 1795 762 1860 34
772 1800 1076 1876 pollucibiliter:
1099 1793 1194 1858 Most.
1208 1793 1233 1876 I,
1252 1796 1278 1877 1,
1295 1794 1336 1858 23
1352 1796 1423 1858 uris

283 1910 438 1984 noctisque
458 1905 563 1983 bibite,
591 1908 852 1986 perpraecu'rnini:
881 1906 1001 1969 Arnrbus
1022 1911 1123 1982 emite,
1147 1907 1288 1968 liberate:
1304 1906 1423 1984 priscite

283 2015 455 2080 Parasitus:
477 2017 619 2080 attonite
635 2016 862 2095 pollucibiliter.
906 2014 1000 2080 Vnde
1022 2037 1114 2078 suum
1136 2014 1214 2078 illud
1231 2020 1329 2092 bibite,
1349 2035 1420 2094 pcr-

279 2131 474 2204 pruecumini
489 2131 708 2204 pollucibiliter
721 2128 883 2209 sumptum
904 2124 1094 2210 Fulgentius
1111 2124 1213 2208 Myth.
1230 2124 1256 2207 Ι,
1273 2123 1310 2187 2ν
1316 2145 1422 2190 errore

283 2235 323 2300 ad
341 2234 511 2320 Epidicum
526 2234 665 2300 rettulit:
693 2236 724 2299 id
743 2236 827 2321 quod
843 2235 974 2300 minime
994 2234 1421 2322 perspexeruntglexicogra-

281 2344 339 2429 phi
360 2343 471 2409 nostri.

367 2455 410 2520 35
431 2461 622 2526 donicum:
645 2457 740 2521 Most.
764 2456 790 2540 Ι,
813 2456 844 2539 2,
868 2457 910 2520 35
933 2457 1039 2543 (116):
1061 2455 1133 2521 vide
1156 2456 1197 2520 ad
1219 2459 1239 2538 ξ
1261 2458 1292 2520 4.

366 2565 408 2629 36
430 2578 588 2632 eutenus
609 2566 859 2653 glossographus
881 2567 1041 2651 excerpsit
1063 2589 1079 2630 e
1102 2565 1316 2631 Mostellariae
1338 2567 1364 2649 I,
1388 2567 1419 2650 2,

282 2675 325 2739 50
346 2675 448 2760 (131),
472 2677 527 2741 ubi
548 2676 633 2741 idem
655 2667 830 2742 nos'hodie
852 2677 886 2741 in
901 2676 1059 2742 Palatinis
1081 2677 1229 2761 legimus,
1253 2675 1315 2741 nisi
1337 2678 1420 2761 quod

283 2784 345 2850 levi
371 2785 508 2872 vestigio
530 2785 670 2871 aliquam
698 2788 911 2871 corruptelam
934 2786 1035 2851 Vetus
1062 2785 1171 2870 prodit
1197 2785 1380 2851 alitherum
1403 2809 1420 2851 e

283 2899 464 2962 correctura
485 2895 618 2962 hahens.
663 2898 795 2962 Atenim
823 2919 883 2962 nee
910 2896 1074 2961 notionem
1096 2895 1185 2961 illam
1206 2896 1272 2960 fert
1293 2899 1420 2961 senten·

282 3006 339 3090 tia,
363 3028 422 3072 nee
444 3007 574 3072 omnino
603 3008 652 3072 vel
679 3021 802 3074 eatenus
830 3007 879 3072 vel
907 3012 1054 3072 hactenus
1082 3006 1131 3070 vel
1160 3017 1308 3086 quotenus
1330 3029 1420 3071 voea-

281 3115 358 3180 bula
386 3115 537 3183 Plautina
563 3118 676 3203 lingua
703 3117 842 3203 novit.*)
887 3117 974 3194 Quae
1008 3139 1079 3182 cum
1113 3117 1211 3181 etiam
1243 3115 1419 3201 simplicem

281 3237 368 3292 tenus
389 3227 525 3293 formam
547 3229 684 3314 ignoret,
708 3229 791 3293 ratio
813 3231 903 3313 patet
918 3249 974 3292 cur
988 3249 1084 3312 supra
1107 3226 1162 3313 (ad
1184 3227 1275 3313 Ι632)
1298 3227 1419 3292 adhibi-

281 3341 349 3402 tam
372 3338 448 3402 olim
470 3338 751 3404 Menaechmorum
774 3361 866 3404 versu
883 3338 945 3404 859
967 3337 1223 3402 emendationem
1245 3359 1332 3403 nunc
1354 3360 1419 3402 non

281 3450 383 3513 tuear.
427 3447 466 3513 ln
488 3447 684 3514 Mostellaria
706 3449 807 3535 igitur
828 3471 893 3514 non
917 3471 987 3513 sum
1008 3447 1127 3512 veritus
1155 3459 1303 3528 protenus
1330 3469 1419 3533 repo·

281 3579 368 3641 nere,
392 3559 431 3622 de
451 3581 514 3644 qua
535 3559 639 3624 forma
660 3559 781 3624 dictum
803 3563 852 3624 est
873 3559 913 3624 ad
936 3563 955 3640 ξ
999 3559 1029 3622 5.

365 3677 406 3741 37
433 3680 583 3754 furtim.
621 3677 685 3743 Hic
710 3701 833 3770 quoque
860 3676 1127 3763 glossographum
1151 3675 1269 3740 fefellit
1302 3677 1418 3742 codicis

282 3787 441 3872 scriptura
458 3787 518 3869 sui,
541 3809 621 3872 qnae
639 3788 749 3853 eadam
766 3793 816 3853 est
830 3791 925 3872 alque
942 3787 977 3850 in
999 3785 1157 3850 Palatinis
1176 3785 1303 3851 nostris.
1334 3787 1419 3852 Nam

282 3897 323 3961 ab
350 3897 420 3982 ipso
441 3900 537 3982 poeta
557 3901 643 3962 certo
666 3898 783 3963 certius
804 3900 853 3962 est
876 3897 1056 3981 profectum
1082 3917 1150 3959 esse
1171 3895 1310 3960 Mostell.
1332 3896 1363 3980 I,
1386 3899 1417 3979 3,

284 4008 323 4071 13
340 4007 431 4092 (169)
455 4012 521 4073 Non
537 4011 645 4074 ue'stern
661 4021 798 4073 amantes
812 4008 946 4072 mulieris
961 4008 1078 4084 umdnt,
1102 4011 1257 4071 seducatis
1274 4007 1416 4082 su'rtum.

282 4165 483 4173 ..μή---

349 4245 376 4310 *)
405 4243 497 4298 Vnum
524 4249 681 4303 istucteuus
708 4261 770 4299 acro
796 4241 911 4298 memini
936 4242 1021 4298 semel
1048 4239 1123 4312 apud
1149 4240 1279 4295 Plautum
1310 4245 1417 4298 exstare

282 4335 381 4394 Bacch.
400 4337 421 4404 l,
440 4345 463 4404 2,
482 4343 514 4394 60
533 4341 603 4408 (168)
622 4338 702 4397 Istic
720 4347 802 4396 lenus
821 4340 883 4405 liti,
903 4340 992 4414 tide,
1011 4335 1130 4395 libertis
1148 4337 1244 4394 datust
1263 4336 1417 4396 Orcilionia.
