3276 5082
587 313 808 364 auossamvn
831 313 1046 362 1111111111.
1324 299 1385 363 247

331 469 383 533 21.
399 469 441 532 22
463 474 605 532 ductim
622 470 654 532 et
668 465 877 533 ἀπνευστί
897 468 1043 533 dubitare
1058 468 1124 532 noli
1140 468 1218 551 quin
1233 469 1273 534 ad
1287 490 1387 534 unum

248 579 446 663 eundemque
468 579 572 642 locum
595 580 743 662 spectent
764 577 963 644 Curculionis
986 579 1012 662 I,
1035 578 1066 662 2,
1094 579 1132 643 13
1154 578 1261 664 (109);
1289 585 1386 660 ipsum

247 694 358 770 capeto
375 692 523 768 Telaque,
548 691 708 768 iaue'raere
722 697 753 754 ia
775 691 825 754 rae'
842 691 977 770 liquoris
991 700 1066 768 tuos,
1091 691 1171 768 Sine,
1197 690 1317 755 ductim.
1333 696 1388 754 see

247 806 307 865 hac
322 803 406 879 abiit,
423 802 672 878 tecpe'rsequar.
706 797 770 863 Vbi
787 821 859 864 cum
872 799 1071 865 Camerarius
1094 799 1291 864 ‘adverbium
1313 799 1386 865 hoc'

246 911 353 996 inquit
376 913 427 974 ‘et
447 907 631 974 Priscianus
654 912 823 974 annotavit
837 912 869 974 et
890 909 1120 994 interpretatus
1141 910 1205 978 fuit
1226 910 1386 994 daveucri,

248 1023 331 1106 quod
352 1019 546 1106 significavit
566 1019 601 1083 in
624 1018 762 1084 bibendo
785 1019 969 1084 aviditatem
992 1023 1024 1084 11
1046 1019 1199 1104 eopiam',
1223 1021 1309 1085 haud
1331 1021 1386 1085 du-

247 1133 300 1197 bie
333 1131 437 1216 ipsam
470 1129 531 1194 boc
553 1129 743 1214 glossarium
766 1130 799 1194 in
822 1133 929 1212 mente
952 1129 1065 1194 habuit
1085 1131 1120 1195 in
1143 1130 1249 1215 aliquo
1271 1131 1386 1196 Prisci·

247 1242 303 1306 ani
337 1240 444 1306 codice
473 1239 535 1304 sibi
556 1239 685 1305 lectum
729 1238 814 1304 Nam
836 1241 921 1324 apud
943 1239 1143 1305 Priscianum
1165 1239 1227 1305 XV
1248 1264 1279 1324 p.
1306 1241 1386 1305 1013

249 1351 304 1437 (15
325 1350 383 1435 Η.)
413 1348 494 1414 nihil
517 1352 622 1414 111111
642 1352 769 1433 praeter
791 1350 884 1416 haec:
923 1373 943 1414 a
965 1357 1058 1416 ductu
1080 1357 1236 1416 ‘ductim'.
1260 1356 1387 1417 Plautus

248 1469 279 1527 ia
304 1467 500 1527 Curculione:
539 1465 621 1524 ‘siae
642 1466 769 1537 ductim,
804 1467 858 1525 sert
888 1468 965 1526 baec
987 1467 1079 1539 abiit,
1113 1467 1173 1528 trac
1190 1467 1385 1542 persequar?

249 1571 329 1639 Cum
363 1571 423 1636 hoc
455 1570 556 1654 igitur
588 1577 700 1635 ductim
729 1569 877 1635 adverbio
899 1573 989 1635 vetus
1011 1570 1118 1634 Plauti
1140 1571 1299 1656 interpres
1320 1593 1386 1636 non

248 1683 396 1747 indoctus
420 1681 597 1765 composuit
618 1702 770 1765 maecum
791 1682 941 1749 ἀπνευετὶ
962 1681 1082 1764 πίνειν,
1108 1681 1196 1746 cuius
1217 1681 1386 1746 locutionis

251 1793 397 1877 exempla
428 1790 464 1854 L.
489 1790 673 1856 Dindorfius
705 1792 838 1874 praebet
859 1791 1013 1856 Thesauri
1035 1792 1062 1874 I,
1092 1791 1165 1876 2p.
1192 1792 1282 1857 1351.
1327 1791 1386 1856 Pa·

247 1925 318 1968 rum
352 1902 437 1967 enim
471 1901 577 1985 sapiat
608 1923 659 1966 me
692 1900 813 1975 iudice,
848 1903 902 1987 qui
935 1900 1089 1966 aPlauto
1117 1901 1296 1986 proiectum
1319 1923 1387 1967 esse

249 2015 329 2092 Sine,
354 2010 528 2076 cineracei.
550 2018 605 2076 sed
624 2017 684 2077 aar
700 2014 774 2077 a'biit
788 2012 850 2076 sibi
871 2013 1079 2097 persuadeat:
1102 2010 1229 2097 quando
1245 2015 1277 2076 et
1291 2012 1387 2076 nimis

247 2123 438 2209 exquisitum
470 2121 575 2205 ipsum
603 2121 681 2186 illud
704 2128 816 2188 ductim
840 2122 1024 2186 adverbium
1047 2125 1095 2186 est
1115 2144 1211 2206 quam
1233 2122 1316 2207 quod
1338 2123 1386 2186 in·

247 2234 381 2318 terpreti
403 2233 537 2315 tribuas,
561 2236 594 2296 et
615 2231 775 2297 sordidam
797 2233 835 2297 de
857 2232 949 2317 plebe
971 2255 1069 2298 anum
1092 2232 1142 2297 rix
1162 2233 1254 2298 decet
1270 2253 1386 2319 graece

246 2345 345 2429 loqui.
369 2382 410 2391 -
444 2341 591 2409 Ceterum
613 2347 646 2408 11
667 2343 768 2409 Vetus
790 2342 898 2408 Plauti
921 2347 954 2407 et
974 2322 1132 2409 Prisciani
1154 2343 1297 2428 plerique
1319 2350 1385 2408 siaa

245 2453 428 2540 prodidere,
464 2457 640 2518 correctum
672 2454 705 2519 id
727 2453 854 2539 quidem
886 2455 950 2520 iam
980 2454 1144 2538 aDousa3
1181 2455 1384 2518 morantem

247 2565 332 2630 idem
353 2564 408 2629 ille
429 2570 506 2630 baec
528 2570 602 2630 abiit
625 2587 643 2628 a
664 2586 706 2630 m.
729 2586 779 2649 pr.
826 2563 900 2629 Sola
922 2563 1100 2630 masculina
1121 2564 1226 2629 forma
1247 2571 1330 2630 unus
1352 2566 1385 2628 et

245 2675 377 2740 Plautus
399 2695 474 2739 usus
497 2679 546 2739 111
566 2675 653 2757 alibi,
678 2673 770 2740 (lure.
794 2674 821 2758 Ι,
848 2677 875 2757 1,
899 2674 951 2755 82,
975 2673 1058 2738 Rud.
1082 2674 1123 2758 V,
1145 2676 1177 2758 2,
1201 2674 1242 2740 32
1258 2674 1382 2760 (1319),

245 2790 278 2851 11
299 2786 378 2849 Atta
400 2807 430 2848 v.
456 2785 496 2849 10
516 2807 548 2869 p.
575 2785 634 2850 138
657 2784 718 2849 la:
741 2785 825 2848 unde
848 2785 886 2848 de
910 2784 1090 2848 accusativo
1111 2783 1209 2852 staura
1233 2783 1325 2851 Oura.
1356 2786 1383 2870 Ι,

247 2898 275 2979 1,
300 2896 341 2960 75
363 2894 546 2959 existimare
568 2894 653 2960 lieet.
726 2921 727 2926 ¹

328 3005 369 3070 23
392 3011 580 3070 auariter:
625 3005 825 3071 Curculionis
858 3004 884 3088 Ι,
908 3005 944 3087 2,
968 3004 1011 3068 35
1032 3003 1122 3090 (126)
1145 3009 1211 3070 Hac
1234 3007 1318 3085 vtae,
1353 3017 1387 3070 ut

244 3122 413 3196 inparuitat
435 3115 557 3195 impura
579 3121 656 3180 iaec
677 3137 790 3181 muana
812 3119 948 3180 auariter
968 3119 1126 3180 haustibus
1144 3117 1261 3194 ple'ais:
1289 3137 1384 3201 quem

245 3248 370 3291 versum
393 3225 633 3309 anapaesticum
655 3225 819 3310 descripsi,
842 3247 1034 3311 quamquam
1056 3224 1161 3290 fateor
1175 3224 1214 3290 de
1228 3231 1384 3291 haustibus

245 3335 513 3418 (1101111111.
534 3334 594 3419 ΠΙ,
611 3336 688 3421 214)
709 3357 776 3400 non
797 3357 907 3402 omnes
928 3336 1007 3401 mihi
1030 3337 1195 3420 scrupulos
1217 3339 1383 3420 exemptos

244 3469 325 3511 1111.
366 3449 512 3522 saucibus
543 3446 628 3511 enim
651 3446 814 3512 sciendum
837 3449 886 3510 est
907 3447 1053 3512 omnibus
1075 3445 1191 3511 litteris
1213 3446 1248 3510 in
1270 3467 1407 3536 rasura·

244 3557 397 3641 scriptum
430 3555 580 3622 exhibere
602 3555 762 3622 Veterem.
786 3556 956 3620 Praeterea
991 3563 1068 3624 auec
1089 3557 1181 3641 posui
1203 3577 1262 3641 pro
1284 3563 1317 3622 ia
1338 3579 1380 3636 se,

243 3689 324 3752 quae
346 3667 514 3751 interpreti
538 3666 645 3732 deberi
671 3666 824 3751 suspicor.

327 3777 368 3841 24
401 3782 776 3857 nudiusquartus:
815 3774 906 3842 Oura.
941 3775 971 3859 Ι,
1006 3777 1043 3860 3,
1078 3778 1120 3842 50
1154 3777 1272 3863 (206)ε
1309 3776 1381 3842 vide
1457 3814 1459 3823 ,

243 3887 282 3950 ad
311 3889 331 3967 ξ
356 3887 405 3950 17.

326 3995 368 4060 25
386 4003 599 4076 protinam:
622 3997 666 4061 ib.
690 3997 733 4080 II,
757 3999 788 4082 3,
812 3997 1075 4082 84(336);11111
1099 3997 1138 4062 ad
1161 4001 1181 4078 ἓ
1208 3997 1255 4062 15.

326 4106 367 4170 26
385 4109 652 4182 frustillatim:
687 4106 857 4190 01111117,
893 4107 930 4189 4,
965 4107 1007 4170 20
1039 4107 1130 4192 (576)
1163 4112 1230 4172 Iura
1262 4109 1319 4186 iao
1351 4118 1381 4172 te

240 4219 358 4293 sectam
380 4225 412 4279 ut
433 4217 484 4280 lu'c
501 4219 653 4292 formicae
671 4217 865 4294 frustillatim
887 4217 1043 4298 differant.

327 4325 367 4390 27
390 4329 598 4392 mordicus:
621 4326 739 4396 ibidem
761 4325 802 4408 V,
828 4327 856 4410 1,
881 4328 898 4391 7
923 4326 1013 4412 (591)
1038 4329 1123 4406 Ne'aa
1144 4347 1190 4394 rae
1211 4331 1322 4396 dicere.
1347 4329 1379 4396 a't
