3300 5102
393 288 440 335 nn
463 287 680 336 rucvuanro
703 288 922 338 acaosrrcrro
945 290 1078 338 urmrrs
1102 277 1279 342 anourosr.
1344 277 1407 342 405

267 443 460 508 confidentia
482 442 670 508 tribuerent.
699 441 774 507 Non
796 444 919 508 exstitit
941 447 1058 528 autem,
1083 445 1136 530 qui
1158 445 1198 510 ad
1220 467 1291 512 eam
1313 469 1406 532 quae-

266 555 402 618 stionem
422 553 508 618 viam
540 576 608 618 csse
639 554 844 619 muniendam
868 554 991 620 curiosa
1018 556 1217 642 singulorum
1238 558 1406 622 verborum

264 664 535 750 pervestigatione
567 664 780 750 intellegeret.
824 664 944 750 Ecquis
977 669 1085 730 autern
1117 670 1202 731 recte
1225 668 1405 734 existimare

264 776 302 840 de
336 797 443 840 eorum
472 796 618 840 versuum
651 777 716 841 sive
751 776 893 841 bonitate
926 776 992 841 sive
1024 776 1244 842 mediocritate
1276 779 1404 864 poterit,

264 909 341 972 quos
363 905 430 952 non
452 889 528 952 ante
550 887 723 971 explorarit
737 886 845 971 quales
866 886 998 952 tandem
1021 887 1163 973 quisquis
1184 888 1248 953 fuit
1270 892 1405 975 scriptos

264 997 449 1082 reliquerit?
491 997 591 1083 Atqui
621 997 732 1081 facile,
763 997 817 1082 qui
840 998 1020 1062 accuratius
1042 999 1228 1084 inspexerit,
1263 1001 1405 1066 fateatur

265 1108 472 1194 gravissimae
504 1108 601 1190 illius,
636 1131 697 1194 qua
727 1108 814 1192 ipsae
836 1108 964 1173 fabulae
985 1109 1144 1195 laborant,
1167 1111 1404 1195 depravationis

265 1219 489 1304 contagionem
512 1218 609 1282 etiam
632 1219 672 1284 ad
694 1220 895 1304 Argumenta
917 1218 1118 1302 pertinuisse.
1153 1221 1248 1287 Cuius
1263 1223 1310 1286 rei
1333 1245 1404 1286 cum

264 1330 406 1415 insignia
429 1329 617 1394 documenta
640 1329 720 1394 adice
734 1329 863 1393 fabulae
879 1331 1095 1415 suppeditant,
1119 1335 1188 1395 tum
1202 1355 1302 1397 unum
1316 1355 1404 1398 nunc

263 1440 352 1505 lubet
384 1462 571 1525 proponere.
617 1440 747 1505 Etenim
780 1441 923 1524 duorum,
958 1463 1038 1525 quac
1061 1441 1101 1506 ad
1123 1442 1292 1508 Militem
1326 1444 1402 1529 glo-

263 1551 408 1616 riosum
431 1555 594 1636 spectant,
628 1555 890 1636 argumentorum
913 1551 1058 1636 alterum,
1093 1554 1177 1638 quod
1199 1556 1248 1617 est
1274 1555 1402 1618 acrosti-
1471 1557 1474 1564 ’

264 1662 367 1746 chum,
391 1663 437 1727 sic
459 1661 613 1746 scriptum
634 1661 799 1747 vulgatur:

412 1785 599 1845 Meretricem
620 1786 747 1845 Athenis
770 1785 924 1861 Ephesum
945 1787 1030 1845 miles
1053 1787 1163 1846 avehit.

412 1872 448 1932 ld
469 1871 541 1930 hero
565 1871 636 1929 dum
658 1872 771 1929 amanti
793 1891 893 1930 servos
915 1871 1055 1930 nunciare
1079 1873 1143 1931 volt

413 1958 528 2033 Legato
550 1975 683 2033 peregre,
708 1957 828 2032 captust
850 1957 933 2031 ipsus
949 1957 980 2015 in
1001 1958 1086 2030 mari,

412 2043 453 2100 Et
475 2042 519 2099 illi
542 2041 637 2100 cidem
660 2041 749 2099 militi
773 2041 851 2100 dono
875 2041 988 2101 datust.

349 2135 365 2182 5
410 2128 505 2186 Suum
527 2127 649 2186 arcessit
670 2127 775 2186 berum
795 2127 933 2200 Athenis,
958 2132 987 2186 et
1010 2128 1090 2186 forat

412 2211 544 2271 Geminis
567 2232 753 2271 communem
775 2213 850 2270 clam
873 2213 1018 2288 parictem
1039 2213 1071 2271 in
1093 2214 1227 2286 aedibus,

410 2298 513 2356 Licere
534 2301 569 2356 ut
592 2297 690 2373 quiret
712 2299 870 2357 convenire
892 2299 1071 2356 amantibus.

411 2381 615 2444 Obhaercntes
638 2386 738 2442 custos
761 2383 815 2442 hus
838 2382 914 2442 vidit
937 2383 973 2442 de
995 2384 1116 2460 tegulis.

409 2467 565 2527 Ridiculus
588 2471 697 2541 autem,
722 2467 807 2543 quasi
829 2468 869 2526 sit
892 2467 958 2540 alia,
981 2468 1106 2527 luditur.

333 2558 364 2606 lu
406 2553 544 2628 Itemque
566 2553 695 2627 impellit
720 2552 847 2611 militem
868 2551 1042 2626 PalaestriO,

410 2637 559 2697 Omissam
581 2637 672 2696 faciat
694 2637 898 2709 concubinam,
923 2639 1043 2714 quando
1067 2639 1093 2696 ei

411 2723 497 2782 Senis
519 2723 610 2782 vicini
634 2723 735 2797 cupiat
758 2741 832 2782 uxor
853 2722 984 2782 nubere:

408 2809 496 2866 Vltro
520 2808 607 2866 abeat
630 2811 704 2880 crat,
729 2807 822 2866 donat
844 2808 948 2866 multa.
971 2808 1090 2882 ipsein
1113 2809 1202 2866 domo

409 2893 495 2953 Senis
517 2893 681 2969 prehensus
703 2911 815 2968 poenas
837 2911 892 2968 pro
914 2893 1036 2952 moecho
1059 2893 1126 2952 luit.

340 3023 440 3108 Atqui
475 3024 587 3088 horum
620 3045 680 3088 nec
703 3044 782 3107 quae
805 3045 885 3086 sana
906 3023 1071 3106 videntur,
1105 3023 1151 3088 sic
1179 3023 1299 3107 scripta
1322 3024 1395 3089 libri

167 3113 180 3124 ³
256 3135 464 3218 prodiderunt
485 3134 609 3216 omnia,
643 3155 703 3198 nec
725 3155 805 3218 quae
828 3155 845 3197 e
867 3133 956 3197 libris
978 3138 1166 3217 manarunt,
1201 3133 1267 3198 ullo
1298 3139 1394 3219 pacto
1415 3151 1441 3200 lv

257 3265 324 3310 csse
357 3268 438 3310 sana
470 3248 613 3330 possunt.
658 3243 742 3308 Nam
773 3248 809 3309 ut
830 3265 849 3308 a
872 3243 1068 3329 gravissimis
1091 3244 1206 3328 ordiar,
1230 3245 1321 3310 foede
1344 3246 1395 3310 de·

256 3359 405 3441 pravatus
429 3378 497 3421 esse
520 3379 629 3421 versus
651 3358 672 3421 5
695 3358 727 3418 ct
748 3355 768 3420 8
791 3358 928 3420 metrum
944 3354 1060 3419 clamat
1073 3357 1108 3420 in
1124 3355 1185 3420 hoc
1199 3355 1392 3441 redundans,

254 3489 404 3532 mancum
425 3468 460 3532 in
482 3467 546 3532 illo.
591 3465 660 3532 Nec
682 3468 791 3531 tamen
812 3467 914 3530 maior
936 3469 985 3530 est
1007 3487 1115 3531 eorum
1136 3466 1316 3551 intcgritas,
1340 3467 1394 3552 qui

254 3673 299 3730 lus
318 3671 429 3728 defendi
446 3691 472 3741 p.
485 3677 534 3725 ⁸216
552 3670 664 3726 adscitis
676 3672 849 3729 Neruolaria
866 3673 1032 3728 Friuolaria
1050 3669 1219 3740 nominibus,
1237 3670 1394 3724 substitutis

254 3767 295 3832 (ut
313 3764 425 3833 quidem
442 3764 483 3818 illi
501 3763 599 3832 risum)
617 3765 645 3818 in
663 3765 754 3819 locum
773 3766 948 3824 Neruolaria
963 3767 1132 3822 Frivularia
1149 3766 1318 3819 formarum?
1342 3764 1394 3818 Vcl

253 3857 411 3930 argumenti
434 3857 622 3912 acrostichi
644 3859 752 3928 primae
775 3859 886 3914 fabulae
899 3875 1013 3912 remum
1030 3861 1202 3927 postremum
1220 3857 1313 3912 deleta
1332 3858 1392 3915 Om-

254 3971 316 4011 nem
332 3969 400 4007 voce
415 3951 453 4006 sic
467 3951 572 4006 sufficet
584 3952 727 4007 emendari
743 3970 772 4022 p.
785 3958 835 4007 205
848 3953 919 4010 Rem
930 3959 1085 4021 pnoscunl:
1101 3956 1227 4020 cuminos
1237 3953 1392 4009 Alcumena

254 4051 419 4114 exacuitur,
439 4045 510 4098 unde
524 4045 741 4100 AMPHITRVR
758 4061 859 4100 nomen
882 4045 1012 4116 emergit,
1032 4045 1251 4114 comparandum
1267 4043 1335 4098 illud
1353 4043 1392 4098 io-

254 4138 339 4193 culari
356 4137 539 4193 Lindemanni
554 4137 668 4193 invento
687 4155 740 4208 quo
758 4138 871 4193 MILEA
889 4137 1088 4193 GLORIOSVS
1105 4136 1212 4208 prodiit
1229 4155 1256 4206 p.
1269 4137 1329 4192 LVI
1349 4137 1391 4192 ed.

253 4247 277 4288 a.
298 4237 370 4286 1844.
407 4230 463 4286 Sed
480 4231 576 4288 taedet
593 4231 621 4288 in
640 4231 682 4286 his
701 4231 807 4288 {uvolis
824 4232 940 4288 haerere
959 4231 1073 4297 diutius,
1092 4247 1163 4304 quae
1183 4229 1241 4284 dies
1260 4228 1304 4286 die
1323 4231 1390 4286 abo·

251 4323 335 4379 lenda
351 4323 461 4395 tradit]
