3302 5096
257 343 319 408 428
614 367 829 430 vuarnoqvm
852 370 1037 419 rnavmsa.

257 517 328 602 quis
350 521 399 584 est
420 520 506 584 enim
528 521 597 605 qui,
621 524 791 607 postquam
813 524 851 587 de
873 531 1011 604 inrigare
1032 528 1110 590 satis
1134 531 1274 614 constat,
1299 530 1393 596 aliam

258 629 292 693 in
307 632 431 713 partem
452 631 682 716 interpretetur
702 633 906 699 Ambrosiani
929 635 1046 701 codicis
1060 638 1096 702 in
1107 637 1287 705 Trinummi
1302 663 1394 706 versu

257 740 299 805 70
320 743 507 807 memoriam
529 760 636 808 0131va
652 781 659 795 ·
677 780 684 794 ·
702 763 761 830 nn,
786 745 848 810 nisi
871 750 908 810 ut
929 747 1042 832 duaa,
1065 771 1200 833 quarum
1221 753 1326 836 spatia
1340 753 1394 818 ob-

256 856 383 917 servata
405 857 491 937 sunt,
514 853 639 920 litteras
661 856 760 921 fuisse
783 873 820 922 1G
843 859 1050 942 concedat:*)

340 1010 474 1072 Nemdst.
504 1011 583 1084 Quid
606 1017 640 1073 tu
662 1016 757 1093 igitur
778 1017 901 1094 rogitas,
926 1020 994 1077 tene
1017 1018 1204 1096 obiurigem'?

257 1157 321 1222 Vbi
343 1159 559 1226 insolentioris
582 1164 703 1228 formae
732 1165 894 1250 ignoratio
917 1166 1036 1230 similes
1059 1167 1262 1234 librariorum
1283 1173 1394 1238 turbas

258 1271 378 1334 crearit
410 1274 504 1356 atque
533 1273 568 1338 in
594 1288 750 1354 nuuqrrtur
777 1275 833 1340 illo
861 1277 984 1341 factum
1012 1299 1080 1342 esse
1114 1301 1210 1362 supra
1244 1283 1393 1348 vidimus:

201 1394 238 1445 vll
257 1381 385 1465 quando
408 1387 610 1463 obiurqeatem
633 1384 734 1450 Vetus
757 1386 865 1472 habet,
889 1393 1046 1468 obiuqitem
1067 1387 1243 1455 Vaticanus
1266 1414 1308 1456 m.
1333 1415 1392 1476 pn,

256 1498 433 1573 obuirqr'tem
460 1492 669 1562 Deourtatus:
706 1497 790 1562 unde
818 1498 852 1562 in
879 1503 1028 1584 promptu
1058 1502 1126 1563 orat
1148 1499 1188 1564 ad
1212 1507 1394 1568 consuetam

258 1603 380 1669 scilicet
408 1605 626 1672 iterativorum
655 1609 837 1694 analogiam
863 1613 1046 1674 revocatum
1068 1611 1201 1676 verbum
1221 1614 1394 1696 procudere

257 1721 443 1797 odiuraitem.
489 1717 611 1783 Rursus
644 1723 766 1804 autem,
801 1721 827 1784 si
859 1720 920 1786 hoo
951 1742 1045 1785 versu
1075 1725 1238 1802 obiuriqem
1266 1725 1396 1808 scripsit

256 1826 399 1912 Plautus,
424 1828 601 1895 eundemne
623 1831 674 1895 vol
695 1831 836 1916 potuisse
851 1837 1028 1913 obiurge'tem
1050 1854 1169 1918 ponere
1185 1833 1305 1898 duobus
1328 1858 1394 1899 ver-

257 1938 343 2003 sibus
367 1943 442 2004 ante
466 1942 628 2006 credemus
650 1941 685 2006 in
708 1945 800 2007 tanta
816 1943 1048 2008 sententiarum
1066 1945 1208 2008 invicem
1230 1944 1292 2008 sibi
1313 1946 1393 2014 rela-

256 2051 361 2114 tarum
383 2052 638 2136 propinquitate:

1100 2193 1174 2252 (lan.
1197 2193 1274 2264 Quid
1290 2197 1395 2258 vonis?

341 2279 424 2338 Mae.
447 2278 535 2337 Malis
557 2282 587 2337 te
609 2281 643 2337 ut
664 2279 762 2339 verbis
783 2279 886 2338 multis
908 2279 1038 2337 multum
1059 2279 1298 2356 obiurgitcm.

343 2361 415 2422 Can.
439 2363 529 2421 blan?
564 2364 648 2424 Mas.
670 2364 813 2439 numquis
829 2366 874 2423 est
888 2363 937 2422 hio
952 2363 1028 2422 alius
1043 2367 1162 2439 practer
1175 2385 1222 2422 me
1238 2368 1328 2440 atquc
1344 2368 1395 2424 to?

342 2447 416 2507 Can.
434 2448 570 2508 Nemost.
591 2449 675 2510 Meu.
692 2449 766 2524 quid
780 2451 814 2507 tu
831 2449 925 2526 igitur
939 2449 1062 2526 rogitas,
1079 2452 1147 2508 tene
1164 2450 1394 2528 obiurigem‘?

257 2615 363 2699 Atque
387 2635 428 2678 ne
451 2615 556 2678 exstat
583 2613 710 2698 quidem
737 2614 791 2680 hio
817 2616 852 2679 in
874 2612 1032 2679 Palatinis
1060 2613 1150 2680 libris
1173 2613 1394 2701 Vaticanoque

257 2723 529 2810 quadrisyllabum
549 2725 754 2810 vocabulum,
783 2727 866 2811 quod
890 2725 1089 2792 Camerarius
1111 2724 1238 2790 demum
1260 2725 1393 2810 invexit,

258 2835 312 2900 sed
341 2835 381 2900 ad
407 2836 575 2900 veritatem
603 2837 733 2921 propius
761 2838 914 2902 accedens
948 2837 1052 2920 ipsum
1081 2835 1215 2920 simplex
1243 2841 1395 2917 obiurqrm

258 2945 322 3032 (vel
348 2951 515 3030 obuirqem)
543 2949 685 3013 verbum.
737 2947 854 3025 Quodsi
882 2947 1065 3012 iterativum
1093 2947 1230 3011 formam
1258 2948 1303 3012 ibi
1336 2949 1395 3012 visi

258 3079 366 3122 sumus
386 3059 421 3123 in
436 3059 650 3124 Ambrosiano
672 3060 789 3145 legere,
814 3063 869 3124 aut
889 3058 983 3122 aliter
1003 3058 1147 3141 peccavit
1168 3056 1221 3122 hie
1235 3058 1394 3142 librarius,

258 3171 314 3233 aut
336 3169 454 3255 aliquid
477 3171 678 3256 peccavimus
699 3170 773 3255 ipsi,
796 3173 882 3234 recte
904 3171 1054 3254 quattuor
1075 3191 1133 3252 pro
1147 3167 1250 3232 tribus
1265 3168 1395 3252 syllabis

259 3279 429 3366 expiscati,
459 3303 526 3346 non
548 3285 634 3346 reete
655 3280 727 3346 illas
751 3297 969 3346 oa1vaa1rnra
999 3301 1057 3363 pro
1081 3295 1276 3344 onlvalsnn
1298 3279 1396 3344 inter·

259 3392 387 3475 prelati.

344 3501 442 3568 Iactis
475 3503 694 3569 fundamentis
726 3506 944 3588 superstruere
975 3501 1052 3566 licet
1084 3522 1165 3585 quae
1199 3500 1332 3566 eandem
1361 3499 1396 3564 iu

260 3615 385 3697 partem
407 3613 516 3678 valeus
539 3614 607 3678 sine
629 3615 821 3680 testimoniis
843 3613 1046 3678 ratiocinatio
1068 3611 1175 3677 addat.
1217 3610 1288 3675 Duo
1311 3609 1397 3674 enim

261 3745 370 3788 versus
397 3726 487 3807 sunt,
518 3725 633 3790 misere
661 3725 765 3791 claudi
792 3725 905 3809 vulgo,
939 3724 992 3810 qui
1020 3745 1086 3788 una
1112 3722 1234 3788 inserta
1257 3720 1398 3785 ilittera

260 3833 327 3898 talo
352 3835 484 3899 stabunt
509 3836 702 3920 rectissimo,
731 3834 928 3900 Baoobidum
956 3833 1039 3899 1020
1067 3837 1099 3899 et
1125 3831 1312 3898 Mercatoris
1338 3831 1396 3895 46:

346 3977 394 4036 Me
416 3977 600 4057 obiurigavit
622 3978 768 4056 plurumis
791 3977 891 4037 verbis
914 3977 1010 4038 mulis.

347 4061 524 4140 Obidrigare
546 4067 633 4140 pttor
654 4065 725 4124 baec
746 4065 849 4124 noctes
873 4067 903 4122 tt
925 4062 998 4123 dies.

329 4317 355 4381 *)
381 4313 447 4386 [Eas
468 4313 576 4370 litteras
598 4315 674 4386 ipsas
692 4314 746 4369 sibi
764 4313 924 4384 apparuisse
943 4310 1150 4367 Studomundus
1167 4309 1286 4365 testatur
1303 4309 1320 4363 l.
1340 4327 1359 4362 s.
1378 4327 1397 4364 s.

261 4427 288 4480 p.
308 4406 379 4478 585]
