3300 5102
542 403 815 452 sunuosmouss
839 401 1071 450 nnncssoms.
1318 383 1382 449 403

242 562 336 621 deseit
356 555 486 620 admisit
513 559 545 620 et
572 578 691 642 magno
717 579 850 623 numero
873 557 1048 641 composito
1070 554 1218 640 probavit
1239 558 1382 620 obardes·

241 689 310 732 cere
332 673 510 732 obarescere
525 673 714 733 obatrescere
729 673 935 734 obbrutesccre
953 672 1150 732 occallescere
1165 670 1383 732 obdormiscere

242 784 438 844 obdurescere
468 783 682 845 cohaerescere
708 784 941 860 oblaupuescere
967 766 1139 843 oblitesccre
1171 783 1303 843 obliuisci
1333 781 1382 842 ob·

242 910 428 954 marcescere
456 895 657 976 obmutescere
678 897 884 970 oppallescere
912 895 1098 982 obripescere
1125 894 1308 955 obsolescere
1334 893 1381 953 ob·

241 1007 415 1065 sordescere
444 1006 650 1082 obstupescere
677 1007 887 1066 obsurdescere
919 1005 1128 1082 obtorpescere
1161 1005 1382 1080 obtumescere.

242 1111 361 1186 Quodsi
382 1112 438 1196 qui
460 1115 516 1177 aut
536 1112 744 1177 obdurescere
767 1115 862 1198 atque
885 1112 963 1176 odeo
992 1111 1202 1178 occallescere
1225 1110 1264 1174 ad
1286 1110 1383 1176 ratio-

241 1244 333 1308 nem,
369 1223 419 1287 cui
448 1245 542 1288 ancre
568 1245 710 1288 unescere
737 1245 804 1288 non
831 1224 936 1309 magis
964 1245 1059 1308 quam
1091 1244 1195 1288 senae
1229 1242 1384 1287 senescere

241 1338 435 1420 repugnant,
458 1337 515 1399 sut
536 1333 576 1398 ed
600 1335 794 1400 coniectaria
816 1336 960 1420 quemvis
981 1333 1094 1398 timido
1116 1333 1196 1419 pede
1216 1332 1383 1398 obhaeres·

244 1466 313 1510 cere
337 1447 571 1530 consueverint,
595 1449 678 1511 esto:
701 1468 764 1531 pnx
785 1446 878 1511 nobis
899 1445 950 1510 vel
973 1467 1044 1510 oum
1062 1445 1133 1510 istis
1149 1445 1225 1510 ent:
1248 1444 1382 1510 auctori-

241 1556 303 1619 tati
327 1560 412 1622 certe
434 1578 500 1621 non
523 1557 766 1641 obsurdescent,
791 1558 846 1622 sed
868 1557 1090 1623 obmutescent
1111 1556 1299 1641 planissimo
1321 1559 1382 1620 tes·

242 1666 375 1732 timonio
402 1667 486 1752 quod
516 1670 564 1732 est
591 1667 626 1732 in
653 1667 768 1754 glossis
790 1667 974 1733 Philoxeni:
1013 1671 1124 1732 ‘anet
1151 1673 1278 1752 γηρᾷ.’
1310 1663 1382 1753 [His

241 1778 276 1842 in
303 1777 389 1844 Diss.
414 1778 444 1842 X
466 1797 497 1864 p.
522 1778 553 1843 V
584 1779 688 1843 addidi
718 1801 798 1864 quae
826 1782 1016 1864 sequuntur:
1054 1777 1110 1844 ‘In
1138 1777 1383 1863 lexicographos

242 1891 350 1954 nescio
372 1911 434 1974 quo
456 1911 562 1954 errore
583 1889 723 1974 iniquior
744 1889 791 1954 tui
814 1889 852 1954 de
875 1911 968 1955 anae
988 1889 1085 1954 verbo
1108 1887 1285 1973 disputans.
1323 1887 1382 1954 eui

241 1998 288 2064 illi
320 2004 448 2084 praeter
479 1999 636 2086 glossario
670 2003 767 2067 etium
799 2001 1027 2088 grammaticos
1060 2003 1159 2066 testes
1189 2000 1381 2082 asciverunt,

242 2108 387 2175 Flavium
415 2111 554 2195 caprum
586 2134 619 2196 p.
643 2112 728 2177 2240
757 2135 829 2177 cum
865 2119 967 2178 sordet
994 2123 1061 2178 ocet
1088 2123 1160 2178 anet
1183 2120 1274 2192 floret
1302 2115 1383 2175 tabet

241 2228 358 2302 squalet
379 2229 517 2302 splendet
537 2230 618 2302 uiuet
638 2235 707 2288 aret
724 2228 872 2304 perfectis
893 2231 1045 2306 inceptiva
1061 2224 1304 2308 componentem
1318 2242 1382 2286 sor·

243 2337 337 2396 olescit
359 2339 470 2397 acescit
491 2341 606 2399 acescit
624 2341 759 2413 florescit
783 2332 929 2422 [tabescit]
953 2341 1116 2414 squalescit
1137 2338 1320 2415 splendescit
1341 2339 1382 2398 ui·

239 2448 333 2519 nescir
356 2431 484 2528 arescit3
505 2443 581 2508 item
599 2444 786 2529 Pompeium
810 2422 982 2511 commenti
1003 2468 1036 2531 p.
1052 2446 1115 2511 283
1138 2442 1212 2532 [222
1226 2442 1280 2529 K]
1305 2463 1383 2508 aueo

244 2573 314 2616 cum
336 2575 424 2621 seaeo
446 2557 479 2618 et
499 2561 586 2635 quiea
609 2555 807 2644 sociantem]
