3300 5102
253 289 316 355 406
564 313 612 362 on
633 313 850 364 nsovuuuro
872 311 1092 361 ncuosmcuo

253 471 432 539 interillos
454 469 551 534 medii
573 467 743 552 habentur,
777 467 882 552 specie
904 469 1031 532 tantum
1053 469 1240 553 incorrupti.
1284 468 1395 555 Neque

255 583 342 650 enim
362 582 463 647 latine
486 581 549 646 dici
560 585 710 660 parietem
732 586 768 643 in
791 583 906 645 duabus
928 583 1054 644 aedibus
1068 600 1250 645 communem
1272 582 1396 666 pridem

254 696 461 782 perspexerat
494 690 661 776 Scioppius
693 689 787 775 Susp.
820 689 894 755 lect.
917 689 959 774 V,
984 692 1001 754 7
1012 741 1022 774 ,
1051 691 1129 776 quin
1162 692 1227 756 iam
1259 694 1396 758 sensisse

255 805 392 890 Pylades
414 803 548 886 videtur,
572 801 625 888 qui
648 805 770 866 veteres
792 801 867 866 inde
889 801 1068 886 aprincipc
1083 802 1237 868 editiones
1258 804 1397 889 itemque

255 916 397 982 novicios
426 914 549 980 codices
584 915 726 996 secutus,
759 911 930 997 inquibus
963 916 1011 976 est
1032 933 1214 978 communem
1235 935 1320 979 suam
1336 937 1396 996 pa·

256 1035 359 1093 rietem
392 1032 438 1104 in,
472 1024 559 1090 huno
585 1044 711 1088 versum
739 1023 881 1088 effinxit:
920 1029 1049 1088 Geminis
1079 1045 1263 1090 communem
1293 1033 1396 1106 parie-

257 1151 314 1204 iem
346 1159 432 1203 suum
467 1141 602 1202 aedibus.
647 1134 727 1201 Cum
749 1133 898 1220 Scioppio
922 1133 1046 1200 hiatum
1078 1137 1114 1201 in
1145 1138 1219 1202 sinu
1251 1138 1397 1203 foventes

256 1247 392 1314 Bothius
414 1252 446 1313 et
459 1247 678 1312 Paenultimus
699 1244 837 1332 editor*)
860 1245 964 1311 deleta
985 1227 1221 1331 praepositione
1242 1247 1398 1314 latinitati

258 1364 342 1427 certe
358 1359 594 1442 consrducrunt,
618 1357 672 1422 ille
686 1355 814 1443 quidam
827 1356 862 1422 in
877 1357 1061 1442 nuperrima
1076 1357 1214 1424 editione
1231 1359 1277 1424 sic
1290 1360 1397 1424 verbis

256 1470 375 1537 temere
407 1469 611 1554 transpositis
644 1471 769 1533 aedibus
799 1474 877 1534 ciam
905 1476 1066 1549 parictem.
1111 1469 1251 1534 Vltimus
1279 1475 1396 1555 autem,

257 1583 412 1668 quotquot
444 1580 591 1662 fuerunt,
625 1578 837 1666 editorum**)
866 1577 942 1664 quid
969 1579 1086 1644 mirum
1113 1580 1140 1645 si
1168 1579 1262 1666 talia,
1292 1582 1399 1667 qualia

257 1697 334 1760 sunt
361 1690 606 1777 praepositionis
632 1689 683 1755 vel
710 1689 838 1754 omissio
859 1689 910 1754 vel
935 1689 1051 1774 positio
1078 1693 1111 1754 et
1137 1691 1170 1755 id
1191 1714 1293 1778 genus
1317 1693 1399 1758 aliae

258 1805 430 1888 minutiae,
458 1801 590 1866 minime
612 1800 652 1865 ad
675 1823 708 1866 se
731 1801 868 1866 attinere
890 1799 1065 1866 arbitratus
1092 1803 1269 1868 tralaticias
1292 1803 1400 1868 sordes

259 1915 399 1981 studiose
413 1915 518 1979 dicam
540 1935 582 1977 an
605 1912 749 1998 segniter
762 1910 975 1998 propagavit?
1002 1911 1106 1978 Versu
1128 1917 1234 1978 autem
1255 1916 1400 1998 proximo

259 2027 335 2113 quid
355 2025 487 2090 tandem
509 2045 578 2090 csse
599 2030 691 2090 licere
712 2035 747 2089 ut
767 2031 866 2104 quiret
893 2023 1058 2088 dicamus?
1089 2029 1247 2109 Nolendo,
1271 2025 1317 2090 ait
1339 2024 1401 2090 Bo·
1514 2098 1523 2112 ,

259 2138 360 2222 thius,
387 2142 511 2218 phrasis
539 2141 643 2200 ‘licere
663 2145 696 2200 ui
718 2141 848 2214 quiret':
876 2139 1072 2200 namtarum
1101 2141 1250 2202 alterutro
1272 2139 1404 2216 defunqi

259 2255 392 2329 scrr'ptor
413 2256 549 2328 poteret.
593 2247 643 2310 Ac
670 2245 813 2309 notanda
839 2244 896 2309 illa
918 2248 967 2309 cst
989 2267 1081 2330 sane,
1111 2247 1166 2310 sed
1192 2251 1228 2311 ut
1250 2268 1401 2332 perversa

152 2377 156 2386 ’
261 2362 294 2423 et
314 2379 331 2422 e
353 2379 416 2442 qua
438 2378 551 2422 sanam
578 2356 742 2421 notionem
764 2355 852 2420 nullo
880 2355 1114 2440 interpretandi
1140 2357 1275 2422 artificio
1298 2380 1400 2423 eruas.

262 2467 405 2535 Offendit
435 2467 471 2532 in
503 2489 541 2532 ea
573 2467 671 2532 etiam
692 2466 858 2531 Acidalius
891 2465 999 2531 Divin.
1026 2468 1062 2532 in
1090 2467 1158 2532 Mil.
1183 2489 1210 2533 c.
1241 2470 1269 2554 1,
1299 2469 1354 2554 qui
1383 2492 1402 2534 a

260 2579 415 2644 librorum
430 2578 588 2663 scriptura
608 2585 714 2643 liceret
733 2577 906 2663 profectus,
930 2599 1026 2662 quam
1046 2600 1112 2643 non
1128 2579 1251 2644 codices
1273 2583 1403 2645 tantum

262 2689 317 2755 sed
344 2689 442 2754 ctiam
473 2689 628 2754 editiones
656 2691 731 2754 ante
759 2687 889 2772 Pyladis
917 2687 1105 2754 Brixianam
1136 2712 1245 2756 omnes
1278 2694 1401 2776 tenent,

261 2801 297 2867 in
323 2807 415 2866 licere
442 2803 549 2864 autem
575 2800 692 2864 mutari
719 2799 841 2884 primus
867 2799 1003 2864 iusserat
1024 2799 1117 2884 Pius,
1140 2802 1306 2886 proposuit
1333 2808 1403 2867 iice-

261 2925 320 2977 rei
342 2918 460 2994 utqui
479 2917 640 2978 convenire
662 2916 838 2976 umentibus.
869 2910 915 2974 At
932 2913 1041 2975 tamen
1063 2918 1117 2991 qui
1136 2911 1214 2976 illud
1229 2912 1338 2978 nescio
1361 2935 1404 2978 an

262 3022 325 3089 huc
345 3021 435 3088 nullo
456 3020 550 3087 modo
572 3023 716 3108 quadret,
739 3025 908 3106 propterca
929 3021 1056 3106 quidem
1077 3023 1160 3107 quod
1183 3023 1306 3088 alicui
1329 3045 1402 3088 con-

262 3133 413 3198 veniendi
434 3133 552 3198 rationi
573 3132 630 3197 illa
650 3133 721 3217 ipsa
734 3134 894 3218 repugnat
909 3131 1086 3197 certissima
1100 3132 1255 3217 perforati
1269 3133 1403 3218 parietis

263 3246 325 3310 via.
370 3243 527 3330 Pinguius
555 3243 653 3308 ctiam
675 3243 784 3308 Bothii
810 3243 978 3308 inventum
1001 3247 1049 3308 est
1071 3250 1176 3310 liceret
1195 3267 1256 3326 qua
1278 3267 1312 3310 re
1333 3266 1402 3311 cou-

264 3357 366 3422 oem're
392 3361 570 3421 amantibus.
620 3353 716 3421 Sedes
745 3357 852 3419 autem
880 3353 1079 3439 corruptelae
1106 3377 1168 3441 quo
1195 3356 1231 3420 in
1263 3355 1334 3421 loco
1361 3355 1405 3420 sit

265 3466 460 3552 quaerenda,
484 3463 586 3531 Vetus
613 3465 711 3530 codex
738 3463 910 3531 Camerarii
937 3466 1113 3549 monstrat,
1146 3466 1179 3531 in
1213 3488 1275 3551 quo
1308 3487 1405 3549 supra

266 3585 365 3659 quiret
394 3577 549 3662 scriptum
574 3579 623 3640 est
649 3597 714 3640 non
742 3576 863 3640 recenti
885 3597 982 3640 manu
1004 3583 1100 3642 coire:
1134 3599 1196 3662 quo
1218 3577 1299 3641 addc
1321 3576 1406 3661 quod

266 3691 375 3754 noster
397 3687 525 3774 quidam
546 3686 627 3752 liber
648 3709 707 3752 ms.
730 3687 765 3752 in
787 3685 918 3752 Etruria
940 3689 1066 3771 emptus
1087 3687 1165 3752 item
1187 3709 1284 3773 supra
1307 3687 1406 3770 scrip'-

266 3803 336 3866 tum
358 3801 448 3864 tenet
469 3804 540 3865 inde
561 3820 581 3862 u
602 3805 705 3883 domo,
728 3799 763 3864 in
784 3798 931 3884 margine
959 3802 1065 3863 autem
1091 3800 1230 3884 positum
1257 3806 1340 3865 coire
1365 3809 1405 3861 ei.

267 3909 343 3978 Non
369 3911 476 3994 potest
502 3913 612 3976 nostra
638 3911 799 3977 sententia
826 3909 956 3975 dubium
979 3931 1063 3993 csse,
1097 3909 1176 3995 quin
1202 3917 1300 3991 quiret
1328 3907 1406 3972 illud

153 4011 157 4016 ’
267 4023 381 4087 natum
403 4019 446 4085 sit
467 4041 505 4086 cx
527 4021 589 4088 hac
603 4044 711 4088 versus
732 4021 819 4088 illius
834 4020 954 4106 specio:
976 4027 1081 4086 liceret
1102 4033 1136 4087 ui
1156 4029 1258 4087 coire
1279 4033 1314 4086 et
1335 4041 1406 4086 con·

338 4261 363 4328 *)
383 4257 462 4330 [Vide
481 4277 566 4331 supra
582 4279 610 4332 p.
631 4263 699 4332 rsa]

336 4352 376 4421 ”t
395 4351 475 4422 [Vide
493 4371 580 4426 supra
596 4372 624 4426 p.
645 4357 712 4426 mu]
