3300 5102
492 373 539 418 nn
562 368 676 419 roura
699 358 844 416 ‘norm'
867 363 969 414 vanis
992 363 1120 413 nonan.
1310 344 1372 410 379

238 529 272 592 in
302 550 401 592 uuum
433 526 634 610 Esquilinum
669 545 816 608 eampimr
852 520 1036 586 ducentium
1068 517 1274 582 manifestum
1311 515 1371 579 sibi
1410 604 1413 612 Ι

237 639 407 724 vestigium
431 638 515 702 visus
538 637 663 701 eratin
685 631 914 720 Porphyrionis
937 631 976 696 ad
992 631 1120 694 Horatii
1141 629 1244 714 Epod.
1270 627 1372 692 verbis

235 750 405 834 indagare:
428 757 459 814 iu
482 756 606 828 raptaue
628 755 757 828 appetis,
783 755 918 826 quaeest
932 755 1023 808 rutra
1041 753 1160 823 portas
1175 744 1369 819 Esquilinas,

234 868 322 926 solitu
341 866 439 940 fuisse
457 882 629 943 pauperum
657 880 791 938 corpora
821 864 867 922 aet
895 860 1032 922 curaturi
1052 861 1098 918 oct
1117 859 1223 933 proici.
1269 850 1371 925 (tuam
1392 859 1416 906 u

235 975 343 1037 tamen
366 972 557 1055 scripturam
579 972 662 1034 unde
684 969 814 1054 petierit
828 968 946 1050 nescio,
971 965 1155 1046 ermines,
1179 985 1259 1047 qnae
1279 961 1371 1025 nobis

234 1085 269 1148 in
296 1088 445 1169 promptu
469 1086 532 1166 cst,
567 1081 758 1146 scholiorum
786 1079 924 1144 editione
947 1078 1081 1160 uectium,
1117 1077 1153 1139 nt
1180 1075 1214 1138 in
1243 1073 1372 1158 reliquis

233 1194 346 1258 horum
368 1194 612 1259 scholiastarnm
635 1193 711 1258 loeis
730 1191 887 1274 omnibns,
912 1188 1068 1274 singulari
1090 1207 1223 1250 numero
1244 1184 1389 1269 legatur·

229 1317 352 1385 portam
380 1309 579 1385 Esquilinam.
626 1303 743 1390 [portas
771 1309 943 1383 Esquilinus
973 1299 1065 1363 video
1091 1301 1201 1362 tamen
1222 1317 1309 1359 nunc
1331 1295 1372 1358 ah

233 1415 408 1480 Hauthalio
436 1415 556 1480 editum
579 1438 596 1479 e
620 1414 803 1498 cothcibus.l
850 1413 970 1477 Contra
1003 1411 1084 1474 miro
1118 1408 1211 1472 modo
1243 1427 1371 1470 securus

233 1527 318 1590 idem
345 1526 399 1591 ille
426 1525 525 1591 Pialis
548 1528 586 1591 de
613 1526 802 1611 gravissimo
825 1524 962 1608 quodam
985 1518 1275 1606 argumentatum,
1310 1539 1372 1600 quo

234 1637 385 1702 adversus
413 1659 482 1720 eoa,
512 1639 566 1722 qni
598 1659 664 1702 non
692 1637 818 1700 differre
842 1634 882 1700 ab
904 1633 1072 1718 Esquilina
1094 1629 1279 1694 Plautinum
1300 1649 1371 1710 por-

232 1751 299 1811 tam
322 1747 593 1831 existimaverant,
616 1749 681 1812 iam
695 1747 857 1812 Nardinus
880 1769 954 1811 usus
977 1746 1056 1827 erat,
1082 1740 1242 1808 connnode
1265 1741 1371 1802 autern

232 1859 279 1921 uti
307 1858 454 1942 Nibhyus
482 1860 597 1943 potnit.
643 1857 704 1934 Qui
732 1880 803 1922 oum
831 1857 925 1922 unius
953 1854 1140 1939 Esquilinae
1169 1853 1278 1936 portae
1301 1870 1371 1933 pro-

231 1969 301 2054 pria
329 1971 428 2034 furiose
456 1971 602 2054 sepulcra
630 1972 780 2054 negaret,
810 1969 953 2054 negabat
975 1967 1058 2052 quod
1081 1986 1140 2029 nec
1163 1961 1372 2028 contenderat
1460 2039 1476 2058 Ι

230 2081 405 2165 quisquam
430 2103 490 2145 neo
517 2081 623 2165 potuit
652 2081 842 2146 contendere
870 2079 905 2144 in
932 2082 1025 2144 tanta
1049 2077 1264 2162 exemplorum
1293 2071 1371 2136 rnul-

234 2191 386 2255 titudine:
426 2192 628 2276 pauperculis
656 2193 742 2256 enim
771 2191 961 2274 sepeliendis
989 2193 1020 2254 et
1048 2190 1158 2255 infimo
1187 2185 1257 2251 loeo
1285 2183 1371 2248 natis

231 2301 429 2367 desthtatum
452 2325 599 2388 eampum
621 2303 824 2387 Esquilinum
847 2303 1004 2366 dixerant.
1047 2300 1091 2364 Et
1114 2310 1220 2365 tamen
1243 2324 1280 2365 ca
1302 2296 1372 2381 ipsa

231 2435 326 2498 quam
349 2415 562 2500 impugnabat
590 2399 751 2478 sententia
779 2413 856 2478 adeo
879 2413 946 2477 eius
967 2411 1068 2476 menti
1090 2409 1265 2476 inhaesisse
1288 2412 1371 2477 vide-

230 2527 299 2608 tur,
333 2529 370 2590 ut
396 2524 481 2590 hanc
509 2524 708 2610 potissimum
737 2525 777 2588 oh
806 2547 957 2589 oartssam
978 2525 1086 2609 (qnam
1115 2523 1200 2588 enim
1222 2522 1372 2589 habuerit

231 2635 364 2722 aliaml)
398 2659 462 2700 non
493 2636 638 2720 auderet,
673 2658 769 2720 quam
800 2636 840 2700 ah
862 2635 1031 2719 Esquilina
1058 2635 1128 2719 ipsa
1157 2635 1369 2720 discernebat,

231 2746 363 2810 candem
386 2751 512 2831 portam
534 2747 667 2812 Metiam
690 2747 822 2812 etiams
838 2746 957 2811 vicinia
979 2745 1166 2830 Esquilinae
1188 2768 1370 2832 segregare.

231 2856 319 2921 Nihil
348 2863 456 2922 tamen
485 2857 598 2923 horrnu
626 2857 767 2923 onnrium
795 2858 977 2922 doctissimo
1005 2855 1192 2922 Furlanetto
1220 2859 1368 2940 suboluh,

230 2971 283 3050 qui
313 2967 538 3034 additamentis
569 2969 608 3033 ad
637 2967 805 3062 Foroellipi
833 2967 972 3032 [lexicon
1000 2975 1125 3033 lttetiom
1154 2968 1235 3032 dixit
1256 2975 1372 3034 Romae

225 3093 349 3157 portam
372 3087 451 3144 later
473 3085 659 3160 Esquilinum
681 3093 710 3146 et
734 3085 1005 3159 Querquetulanum
1028 3080 1139 3162 sitam,
1169 3079 1263 3164 idque
1292 3079 1369 3144 Nib-

231 3187 327 3271 byum
342 3190 595 3254 demonstrasse:
619 3191 733 3255 utiam
755 3191 928 3256 verendum
951 3190 993 3254 sit
1013 3213 1055 3255 ne
1076 3189 1173 3255 latius
1196 3212 1284 3254 error
1306 3215 1368 3255 ser-

231 3303 296 3382 pat.
329 3299 450 3365 Contra
471 3300 593 3367 Pialem
616 3306 722 3367 autem
745 3302 828 3388 quod
851 3301 987 3366 diximus
1002 3301 1176 3389 Nardini*)
1200 3324 1368 3388 argumen-

230 3411 299 3474 tum
321 3411 441 3496 valere‚
471 3413 503 3477 id
526 3413 566 3476 ad
588 3413 799 3479 Cleostratam
821 3413 1005 3478 Plautinum
1028 3416 1169 3498 spectat,
1204 3414 1292 3478 cirins
1315 3415 1369 3479 ille

231 3521 362 3604 negavit
384 3545 453 3587 eam
477 3523 696 3590 condicionem
717 3525 826 3608 fuisse,
851 3527 887 3587 nt
907 3547 978 3588 eum
999 3525 1193 3608 pauperibus
1216 3528 1248 3589 et
1270 3526 1368 3590 servis

234 3718 433 3731 —--—-...
450 3729 452 3733 .

298 3844 324 3912 ²⁸)
342 3845 384 3901 La
401 3845 505 3916 Melia,
523 3846 576 3915 ait,
595 3851 626 3907 di
642 3853 690 3907 eut
707 3851 784 3908 disse
802 3850 904 3908 Plauto
923 3850 997 3908 uella
1017 3849 1138 3908 Casina:
1167 3849 1252 3907 Illum
1270 3852 1370 3920 edepol

231 3955 253 3992 e.
274 3955 299 4006 q.
320 3957 352 4006 s,
377 3943 414 3997 da
436 3943 488 3999 elie
510 3951 674 4012 araomcata
697 3947 719 4000 r'l
739 3946 879 4002 Pauoint'o
902 3961 984 4002 esser
1006 3951 1081 4002 stata
1098 3947 1127 4001 la
1145 3947 1297 4002 medesima
1315 3963 1367 4002 eon

230 4035 418 4102 l'Erqar'lr'uo:
451 4055 496 4092 ma
521 4037 678 4095 Cleostrata
701 4057 757 4096 aaa
780 4057 832 4096 ero
849 4055 968 4107 poocra,
1000 4039 1093 4107 dara
1111 4057 1178 4096 cosa
1198 4047 1281 4096 resuta
1299 4041 1366 4096 l'ab-

231 4128 365 4194 iuuare
383 4132 394 4185 ι’
411 4131 547 4187 cadaveri
565 4135 617 4201 pile
638 4134 721 4203 satori
742 4133 805 4188 dcll'
830 4135 902 4189 altre
924 4139 1021 4200 porte,
1044 4133 1095 4188 clue
1118 4134 1181 4189 dcll'
1206 4134 1366 4202 Esquilina,

231 4220 300 4276 douo
319 4223 377 4278 solo
394 4228 556 4290 pettauaasi
572 4225 644 4282 uelle
661 4226 800 4284 Puticule.
829 4227 869 4278 Ao
887 4225 920 4279 de
938 4222 1069 4294 puticulis
1087 4223 1198 4292 quidem
1216 4224 1286 4279 mire
1305 4243 1368 4280 oum

231 4309 330 4366 lesetlit
347 4312 453 4383 opinio:
477 4317 552 4384 quod
569 4335 625 4374 nou
643 4318 783 4374 cathirius
801 4317 855 4374 loci
873 4315 987 4373 ulterius
1004 4315 1141 4387 persequi.
1177 4317 1255 4383 Quod
1274 4319 1367 4381 autom

231 4404 265 4466 te
284 4407 440 4466 cremandis
458 4409 641 4468 cadaveribus
660 4411 735 4481 dicit,
755 4413 789 4468 de
808 4428 841 4468 eo
859 4429 971 4483 prorsus
989 4429 1045 4468 non
1063 4412 1179 4468 constat.
