3276 5082
270 345 335 415 242
611 355 833 417 accessurum
855 359 1068 416 ensvrnsvu.

272 528 368 586 donec
389 543 450 602 quo
471 521 515 586 ib.
538 520 604 603 ΙΠ,
628 521 658 604 5,
683 521 724 586 32
747 521 855 606 (812),
880 521 1082 606 eiusdemque
1105 523 1233 606 generis
1256 521 1413 603 Terentii,
1512 543 1515 548 ·

272 637 414 696 donicum
447 631 570 695 formae
592 631 723 695 omnino
744 631 862 716 ignari,
899 631 1044 715 exempla
1066 635 1142 696 sunt
1164 632 1287 697 omnia:
1320 639 1416 698 donec

266 747 421 822 perpulit,
445 748 475 806 d.
500 746 639 820 redierit,
665 748 695 807 d.
720 748 797 819 iam,
832 747 862 805 d.
881 745 1060 821 perfecero,
1086 749 1116 806 d.
1141 749 1209 806 ribi:
1246 765 1308 828 quo
1336 743 1415 806 adde

272 857 368 916 donec
378 859 593 931 persenserint,
619 858 715 917 donec
736 857 862 916 retulisti
882 851 966 935 apud
979 851 1114 916 Accium
1130 874 1158 916 v.
1171 851 1222 916 26.
1241 853 1410 918 1161111111.

272 959 377 1026 Semel
399 963 526 1025 tantum
548 961 749 1046 trisyllabum
769 961 907 1026 formam
928 960 1063 1025 Plautus
1088 965 1163 1026 ante
1180 966 1412 1028 consonantem

273 1070 418 1154 admisit,
453 1071 508 1135 sed
540 1071 705 1136 inversus
735 1071 837 1153 exitu,
869 1071 919 1136 cui
941 1071 1005 1136 alia
1028 1093 1096 1135 esse
1118 1072 1296 1157 singularia
1319 1075 1360 1158 (e.
1386 1096 1413 1138 c.

267 1164 412 1261 poculum
433 1188 601 1262 periculum
622 1181 757 1266 formas)
781 1203 933 1246 concessa
966 1184 1108 1264 constat,
1143 1181 1361 1247 Mostellariae
1383 1206 1412 1247 v.

273 1311 299 1352 s.
323 1312 348 1354 s.
372 1293 510 1356 clinicum
532 1294 677 1356 Peirietes
722 1289 920 1376 Quamquam
943 1294 976 1354 et
997 1293 1073 1355 ante
1094 1291 1245 1355 Plautum
1274 1299 1414 1362 donicum

274 1405 386 1466 uidebis
406 1398 515 1465 Livius
538 1401 619 1465 dixit
640 1401 724 1485 apud
737 1399 916 1466 Charisium
938 1424 969 1484 p.
996 1402 1055 1466 107
1071 1400 1111 1464 Κ.
1135 1404 1169 1464 et
1188 1405 1317 1485 praeter
1338 1423 1410 1485 poe·

273 1508 333 1572 sim
354 1513 523 1594 utrumque
544 1510 652 1575 ficut:
681 1510 831 1575 Plautino
854 1511 925 1575 usiui
949 1511 1175 1575 convenienter
1198 1516 1337 1576 donicum
1360 1519 1412 1577 ille

275 1619 359 1703 apud
383 1619 539 1685 Catonem
571 1621 709 1685 eiusdem
734 1619 870 1685 Charisii
904 1624 936 1684 et
964 1627 1103 1685 donicum
1137 1627 1168 1684 in
1195 1642 1293 1686 semen
1316 1622 1354 1686 de
1378 1644 1412 1685 re

273 1733 353 1793 rust.
379 1751 406 1794 c.
432 1730 503 1813 161,
526 1731 558 1814 3,
581 1730 785 1816 solitarioque
807 1731 952 1813 exemplo
974 1730 1008 1793 in
1024 1729 1159 1814 Nepotis
1182 1729 1365 1796 Hamilcare
1382 1733 1411 1812 1,
1456 1801 1460 1809 ,

272 1839 294 1901 4
317 1845 457 1904 donicum
479 1851 548 1906 oui:
583 1840 638 1904 sed
669 1841 705 1903 in
732 1840 842 1904 eodem
864 1839 996 1906 Catonis
1018 1839 1100 1904 libro
1123 1845 1262 1905 donicum
1285 1847 1411 1908 soleclum

274 1969 302 2012 c.
331 1949 399 2030 146,
424 1949 454 2032 2,
479 1949 620 2014 donicum
637 1957 801 2030 pecuniam
826 1951 896 2033 149,
930 1952 961 2014 2.
984 1948 1175 2014 —Tertiae
1199 1950 1412 2030 (1011010101-

272 2079 344 2121 mae
378 2057 425 2143 (h.
449 2079 476 2122 e.
500 2060 624 2123 mediae
646 2063 864 2143 e'temporum
886 2060 1022 2142 ratione,
1057 2063 1213 2143 quantum
1243 2049 1451 2145 intellego).

272 2165 421 2232 Lucretio
444 2167 485 2232 ab
500 2168 708 2234 Lachmanno
731 2169 900 2233 restitutae
922 2169 965 2252 ΙΙ,
992 2169 1073 2232 1116
1088 2175 1226 2250 Denique
1248 2177 1291 2234 nd
1311 2183 1410 2235 extre-

272 2296 361 2356 mum,
397 2277 438 2361 V,
473 2279 534 2344 708
557 2283 695 2358 Denique
722 2300 798 2358 eum,
833 2279 1152 2359 diacononorum,
1188 2279 1413 2360 seruamque
1492 2295 1495 2302 “

275 2407 334 2470 eos,
358 2387 576 2452 restituendae
598 2387 683 2452 haud
706 2388 800 2452 dubie
823 2389 921 2452 etiam
943 2387 985 2472 Il,
1022 2389 1103 2453 1130
1124 2394 1228 2454 Donec
1249 2397 1410 2468 alescendi,

271 2494 313 2578 V,
337 2495 399 2562 687
422 2503 524 2563 Donec
546 2504 589 2563 ed
609 2504 652 2581 id,
676 2499 737 2562 877
753 2503 857 2563 Donec
872 2502 916 2562 od
936 2506 1100 2582 interitum,
1123 2498 1245 2563 nullum
1266 2500 1301 2564 in
1318 2500 1412 2565 comi-

273 2625 382 2670 corum
403 2605 494 2671 libris
516 2607 697 2692 vestigium.

356 2715 570 2783 bnoenumt
614 2717 800 2782 Aululariae
826 2717 852 2800 Ι,
889 2721 917 2800 l,
949 2719 990 2782 28
1013 2721 1146 2784 Noenim
1168 2730 1318 2784 mecastor
1339 2721 1414 2800 quid

272 2847 328 2905 eoo
349 2847 403 2891 ero
425 2826 502 2912 (sic,
532 2848 599 2891 non
620 2832 694 2892 luero
716 2849 781 2908 eqo,
806 2826 921 2914 Vetus)
944 2832 1044 2894 dicim
1066 2849 1129 2894 meo
1153 2834 1262 2894 Mulae'
1280 2837 1327 2893 rei
1347 2852 1411 2895 eoe-

272 2936 351 3000 m'sse
382 2956 509 3016 quamue
539 2940 703 3010 insiciam,
743 2942 822 3014 Oueo
843 2941 1035 3004 comminisci.
1092 2938 1154 3005 Vbi
1178 2938 1280 3005 Vetus
1313 2940 1411 3004 codex

511 3039 529 3078 n

273 3087 447 3154 Camerarii
469 3039 637 3155 hoe⁰bunc
659 3089 755 3174 (nihil
777 3090 878 3177 aliud)
910 3090 1023 3174 habet,
1058 3091 1230 3156 deteriores
1260 3114 1299 3156 ne
1320 3113 1409 3168 nuno,

272 3219 328 3263 nec
349 3221 444 3278 nunc,
480 3220 540 3264 non
562 3221 657 3282 nunc,
682 3221 737 3265 nec
758 3203 837 3283 1117111,
861 3222 917 3265 nec
938 3223 1056 3283 numen,
1080 3201 1209 3285 quidam
1230 3202 1293 3266 nisi
1315 3201 1411 3266 sallon

273 3309 370 3372 etiam
391 3329 452 3374 non
472 3315 562 3373 enim.
612 3309 643 3372 A
665 3307 783 3374 Vetere
809 3310 911 3394 igitur
943 3313 1105 3394 profectus
1128 3309 1296 3397 Scioppius
1319 3310 1410 3395 Susp.

271 3416 345 3482 lect.
369 3416 410 3501 V,
436 3418 474 3482 17
496 3439 605 3483 nemum
627 3417 701 3504 (sic)
724 3419 845 3504 primus
867 3421 1058 3484 restituebat
1079 3421 1158 3486 duee
1173 3420 1279 3486 Nonio
1300 3443 1332 3505 p.
1351 3422 1411 3486 143

273 3549 320 3612 sq.
355 3565 397 3574 -
430 3525 551 3592 Eadem
573 3549 700 3594 noenum
730 3529 837 3616 glossa
872 3551 944 3594 cum
967 3533 986 3611 ὅ
1011 3532 1029 3595 7
1052 3531 1136 3594 redit
1158 3553 1175 3595 e
1198 3530 1411 3596 Bacchidibus

273 3639 439 3722 excerpta,
469 3637 570 3702 multo
591 3638 670 3703 mihi
692 3638 888 3724 probabilius
912 3643 961 3704 est
983 3644 1129 3725 spectare
1150 3640 1183 3704 id
1206 3641 1247 3704 ad
1269 3641 1411 3725 deperdi-

272 3750 342 3811 tum
377 3751 474 3833 caput
505 3748 573 3812 eius
603 3748 733 3814 fabulae
765 3771 877 3834 quam,
913 3771 975 3834 quo
1002 3750 1229 3815 Lachmannus
1261 3751 1295 3815 in
1318 3751 1410 3814 Lucr.

273 3880 305 3942 p.
332 3857 393 3923 150
413 3857 583 3942 referebat,
607 3859 648 3923 ad
662 3858 720 3942 IV,
743 3860 774 3941 4,
799 3859 841 3924 84
863 3860 970 3946 (736);
993 3860 1047 3925 ubi
1070 3863 1126 3925 aut
1149 3860 1342 3926 commodius
1357 3865 1412 3925 aut

271 3988 338 4031 non
370 3967 477 4032 minus
508 3968 669 4033 commode
702 3975 776 4048 quio
809 3971 868 4033 no'n
900 3981 930 4033 ie
962 3973 1213 4048 defrouddoerim
1235 3969 1410 4036 Camerarii

272 4097 368 4140 suasu
388 4077 426 4141 fit
448 4099 464 4142 e
487 4085 559 4158 quie
580 4098 638 4142 non
653 4092 681 4143 te
698 4082 923 4158 fraudaverim,
948 4101 1043 4164 quam
1058 4079 1267 4145 Lachmanno
1281 4086 1410 4146 auctore

273 4193 345 4266 quio
366 4189 495 4252 noenum
517 4199 546 4252 ie
563 4190 787 4266 fraudiverim.
822 4227 865 4238 -
898 4187 1046 4254 Ceterum
1073 4193 1146 4273 post
1167 4190 1261 4254 huius
1284 4191 1409 4256 doctum

273 4295 521 4381 disputationem
558 4297 621 4361 tria
653 4319 738 4362 nova
774 4298 919 4382 exempla
954 4320 1083 4364 noenum
1110 4321 1208 4364 noenu
1234 4299 1409 4365 formarum

272 4406 415 4478 uidemur
436 4405 538 4488 felici,
569 4429 760 4491 quamquam
783 4431 820 4472 ex
843 4413 934 4493 parte
956 4409 1052 4472 dubia
1075 4411 1257 4475 coniectura
1278 4410 1409 4478 loannis
