3276 5082
754 355 910 402 sununs.
1067 411 1068 414 Ἴ
1340 341 1402 406 165

263 522 312 579 eoi
326 516 431 591 sarias
446 531 507 576 non
527 516 639 591 placet.
708 487 1015 597 [670]Miu’p1aeet
1034 518 1132 589 maqis
1146 516 1227 591 quod
1247 517 1401 576 suadetur.

264 630 345 706 quod
355 628 548 687 dissuadetur
557 627 670 700 piacet.
716 617 802 705 [697]
818 622 875 684 ise
886 625 982 685 nonos
991 625 1107 684 ioman
1110 627 1227 710 pudico
1237 629 1404 686 meminisse

219 763 370 851 officiii
391 763 460 824 sud
520 756 607 846 [800]
638 754 805 836 onridq
812 758 913 835 ;ipsd
931 761 969 821 ise
990 754 1032 820 re'.
1055 768 1086 820 ut
1107 763 1185 822 retes
1203 708 1287 835 iace.
1326 762 1401 822 Nam

260 877 312 950 pot
334 881 436 934 tacere
458 888 619 946 numquam
641 873 829 947 quaquamst
850 871 931 946 quod
951 877 1052 945 queat.
1127 867 1214 955 [830]
1253 872 1401 933 Tractare

262 1012 395 1071 immines
422 983 470 1069 di's
501 983 559 1069 liae
594 1008 753 1082 diqnumst.
787 1023 905 1082 semper
931 1009 1076 1068 mendicis
1109 1011 1236 1068 modesti
1266 1011 1336 1069 sint.

265 1117 353 1200 [843]
384 1120 465 1180 Huic
485 1135 540 1192 eqo
562 1119 624 1177 diei
643 1116 712 1177 noni
735 1115 870 1177 trindma
892 1116 993 1189 saeid.
1024 1117 1065 1177 rui
1092 1135 1148 1193 eqo
1176 1135 1298 1194 operum
1319 1117 1398 1180 med.

265 1231 352 1299 Trib,·
379 1227 478 1291 nimis
503 1228 592 1288 hodie
617 1229 718 1288 taeaui
744 1229 787 1286 ad
806 1229 882 1288 artis
904 1231 1093 1301 nuqatorias.
1137 1231 1274 1290 Aduenio
1295 1247 1336 1291 en
1356 1248 1401 1291 se-

263 1343 361 1402 teueia
383 1341 562 1400 macedonia
585 1340 652 1398 asia
674 1344 726 1412 atq
733 1356 744 1405 ,·
766 1339 887 1397 arabia.
927 1338 1008 1409 Quas
1028 1355 1083 1413 eqo
1104 1356 1178 1415 neq,·
1208 1343 1302 1402 oculis
1324 1359 1399 1418 neq,-

258 1452 368 1526 pedrir,·
390 1449 522 1540 nuquam
544 1451 767 1525 usurpauimus.
836 1442 922 1532 [861]
949 1448 1042 1519 Quam
1064 1451 1161 1524 mauis
1181 1458 1282 1526 specto
1303 1454 1401 1512 minus

260 1591 370 1663 ptaeet.
394 1545 422 1646 m
444 1587 576 1646 nomines
600 1583 711 1658 facies.
741 1586 819 1643 mira
840 1590 917 1644 sunt.
949 1584 1062 1645 Nittinc
1089 1586 1203 1646 homost
1225 1603 1266 1645 au
1288 1589 1399 1647 dormi-

263 1701 375 1758 nitatar
403 1703 456 1756 aut
477 1702 577 1756 sector
603 1697 758 1755 ranarius.
796 1694 880 1754 Loca
901 1697 1084 1771 contemplat
1104 1698 1345 1773 circumspectat.
1374 1701 1402 1759 si

261 1825 292 1868 se
314 1815 382 1884 atq,·
404 1807 469 1867 edis
490 1808 629 1866 muscitet.
669 1807 767 1866 Credo
789 1799 932 1882 edepoiq⁰
950 1822 1022 1865 mox
1039 1805 1154 1878 suratit
1172 1809 1275 1866 ueniat
1296 1826 1399 1883 specu·
1435 1865 1439 1874 .

260 1929 342 1987 tator
369 1929 448 1986 toea.
522 1919 609 2008 [878]
643 1924 724 1996 Ouid
744 1940 793 1984 eos
815 1927 945 1999 quaeris.
978 1889 1107 2000 disquis
1129 1942 1169 1986 es.
1193 1934 1246 1986 aut
1268 1931 1347 1988 unde
1368 1946 1400 1988 es

261 2013 301 2106 aa
322 2012 364 2105 un
387 2032 527 2104 aduenis.
603 2037 690 2127 [880]
721 2043 822 2104 Multa
848 2047 938 2105 simut
958 2047 1085 2120 ropitas.
1115 2047 1248 2106 nesciam
1274 2049 1318 2122 qd
1345 2065 1397 2107 eu-

258 2158 379 2232 pediam
402 2153 574 2230 potissimi.
654 2148 741 2237 [886]
779 2153 992 2230 Concutiunt
1018 2158 1123 2216 noetis.
1149 2158 1328 2232 priusquam
1356 2160 1399 2218 ad

254 2264 412 2342 postrema
436 2267 590 2341 paeneris.
659 2257 746 2347 [914]
782 2265 871 2335 Quod
895 2267 928 2326 in
954 2274 1175 2327 manuteneas
1202 2275 1271 2342 atq;
1305 2271 1398 2329 oeulis

261 2404 373 2463 uideas.
398 2403 432 2492 id
453 2402 613 2462 desideres.
681 2395 772 2480 [929]
798 2401 856 2472 Oui
875 2401 915 2461 tui
934 2376 981 2462 r'ae
1006 2376 1237 2478 {insipientiam
1260 2408 1314 2479 qui
1334 2407 1397 2482 ipse

259 2546 374 2611 eqomet
395 2539 470 2598 usim
492 2535 585 2612 qrite.
654 2529 763 2619 [1154]
793 2535 844 2598 He*
860 2536 968 2613 priori
994 2556 1051 2615 equ
1074 2547 1101 2599 st
1122 2540 1311 2601 metabere.
1338 2542 1395 2602 Tu-

259 2651 329 2708 nica
346 2650 479 2724 propior
495 2649 629 2723 pattiost.
698 2640 805 2730 [1167]
831 2647 894 2707 Sed
913 2649 978 2708 siue
998 2667 1044 2710 me
1064 2651 1122 2711 aaa
1136 2651 1218 2711 abste
1232 2652 1397 2726 impetrare

259 2768 340 2842 qaod
360 2769 440 2828 uolo.
463 2767 573 2842 Siquid
598 2770 686 2827 stulte
709 2766 817 2839 secut
838 2782 884 2825 ea.
909 2763 999 2827 missa
1025 2768 1130 2841 facins
1159 2772 1218 2829 oia.
1285 2767 1392 2854 [1176]

262 2877 332 2947 Quis
352 2875 391 2937 1ιὸ
413 2874 448 2936 τᾶ
470 2878 649 2938 tumultuoso
671 2879 771 2937 sonitu
792 2892 839 2935 me
859 2880 975 2938 exciuit
995 2879 1091 2940 subito
1109 2878 1222 2951 foras?
1244 2879 1396 2942 Bnuoteus

259 3003 327 3055 tuus
354 3005 423 3071 atq,·
452 2999 576 3056 amicus.
660 2990 767 3078 [1185]
803 2995 930 3055 Miseria
957 2999 1011 3057 uni
1030 2999 1149 3073 quidem
1170 2965 1223 3060 iai
1242 3006 1303 3059 stat
1319 2999 1394 3072 sati.

260 3105 352 3166 Immo
374 3107 446 3167 ituia
465 3103 548 3182 parii
568 3101 595 3165 ἒ.
620 3105 670 3165 Ni
696 3124 719 3182 p
737 3107 875 3183 peccatis
896 3105 984 3167 centu
1003 3111 1097 3169 ducat
1118 3111 1225 3170 uxoris
1241 3108 1328 3184 paru
1350 3105 1391 3192 6.]
