3300 5102
647 341 980 390 u1n1r1sonos1os1.
1321 323 1382 386 411
1452 357 1453 362 κ

242 497 339 584 vulgo
372 519 438 563 non
473 496 637 582 cognitum
671 517 708 561 ex
743 494 833 559 libris
866 495 1049 562 omnibus
1082 495 1215 560 restitue
1238 475 1313 560 Mil.
1344 491 1387 576 Π,

130 665 141 686 ,
241 609 279 693 2,
310 609 367 674 57:

391 753 463 829 quoi
484 749 548 808 bini
570 747 707 809 custbdes
730 767 846 824 semper
871 749 943 809 tbtis
965 750 1048 809 horis
1070 749 1233 809 decubant:

242 885 352 947 temen
379 903 445 946 non
472 879 597 944 videtur
623 880 740 944 rationi
771 882 1022 945 consentaneum
1045 880 1135 964 illud,
1165 883 1210 963 ut,
1235 879 1289 964 qui
1312 900 1390 944 sane

244 992 404 1077 ceteroqui
432 989 628 1075 obhacserit,
658 989 835 1056 obhaerens
863 994 969 1056 custos
1004 1012 1040 1056 eo
1073 994 1216 1074 tempore
1252 989 1388 1071 dicatur,

244 1126 305 1189 quo
327 1124 528 1188 nequaquem
557 1102 735 1166 occubabat
764 1102 940 1186 custoditis
970 1101 1024 1166 sed
1048 1101 1282 1187 aliquantisper
1304 1101 1390 1166 dere·

243 1213 320 1279 licta
350 1213 494 1278 custodia
521 1213 556 1277 in
579 1213 702 1277 vicinas
729 1213 856 1298 tegulas
878 1212 1075 1298 exspatiatus
1099 1216 1168 1277 erat
1190 1212 1301 1276 simiae
1324 1233 1390 1276 sec-

242 1324 359 1390 tandae
388 1345 518 1407 caussa,
548 1345 606 1408 per
635 1346 766 1409 eamque
794 1325 897 1409 ipsam
924 1323 1125 1388 occasionem
1152 1323 1335 1388 osculantes
1359 1325 1391 1386 et

246 1437 467 1520 amplexantes
489 1433 758 1499 Philocomasium
780 1439 813 1499 et
833 1435 993 1521 hospitem
1014 1434 1159 1500 viderat:
1191 1434 1232 1498 cf.
1255 1431 1322 1497 Mil.
1345 1432 1388 1508 ΙΙ,

244 1547 351 1630 2,19.
380 1545 433 1610 22.
462 1545 495 1610 Π
503 1596 512 1629 ,
535 1547 556 1611 3
584 1545 655 1610 init.
681 1547 732 1611 13.
758 1547 797 1610 16
819 1568 866 1631 sq.
910 1546 1023 1630 Itaque
1050 1567 1116 1609 non
1139 1549 1306 1610 cbbocrens
1336 1565 1391 1628 po-

243 1657 308 1721 tius
330 1679 426 1741 quam
448 1662 634 1722 oberrans
655 1656 735 1721 illud
757 1656 846 1722 vidit.
897 1655 1044 1722 Ceterum
1079 1677 1146 1720 non
1179 1657 1228 1719 est
1263 1653 1390 1718 silentio

244 1767 566 1852 praetermittendum
597 1767 632 1832 in
659 1766 796 1832 Etrusco
831 1766 938 1832 codice
968 1767 1047 1830 duas
1074 1767 1198 1830 litteras
1234 1768 1390 1830 extremas

244 1883 434 1944 obhaereant
456 1877 633 1963 scripturae
655 1900 672 1942 e
696 1881 877 1942 correctura
899 1899 977 1944 csse.
1001 1916 1044 1927 —
1066 1876 1187 1942 Eodem
1199 1879 1307 1941 autem
1330 1877 1390 1940 Ar·

243 1991 389 2074 gumenti
411 2011 505 2053 versu
535 1989 619 2074 quod
641 2010 679 2053 ex
711 2011 775 2053 uno
796 1989 972 2054 Decurtato
994 1988 1232 2076 suscipiendum
1255 1987 1390 2052 Bothius

241 2099 401 2164 intellexit
422 2106 513 2184 videt,
537 2099 666 2164 exhibet
691 2100 787 2164 etiam
808 2100 921 2165 Vetus.
965 2099 1142 2186 Repugnat
1162 2099 1385 2164 Paenultimus
1403 2114 1441 2164 vn

241 2210 312 2294 pari
340 2209 486 2275 inscitiae
514 2210 732 2296 neglegentia,
762 2211 817 2296 qui
837 2211 1048 2297 praeteritum
1070 2214 1195 2294 tempus
1218 2209 1386 2275 offensioni

240 2321 339 2384 fuisse
362 2318 478 2384 Bothio
501 2321 605 2386 dieat:
628 2342 721 2405 quem
743 2321 812 2387 sola
834 2323 935 2387 movit
956 2343 1161 2388 numerorum
1183 2322 1276 2386 ratic.
1306 2319 1387 2384 Tam

242 2431 327 2496 enim
340 2431 561 2517 importunum
576 2431 631 2495 illo
646 2433 773 2516 quidem
795 2431 865 2497 loco
888 2433 1098 2518 spondiacum
1112 2432 1304 2497 vocabulum
1327 2435 1386 2516 est,

240 2546 277 2607 ut
298 2564 376 2608 sano
399 2541 543 2627 exemplo
564 2541 652 2607 nullo
675 2543 876 2608 defendatur.

324 2653 418 2720 Nono
451 2675 574 2739 quoque
597 2675 689 2718 versu
711 2676 830 2738 verum,
862 2677 1055 2740 quamquem
1078 2653 1290 2738 dubitantius,
1327 2652 1388 2718 Bo-

240 2763 327 2830 thius
355 2764 436 2829 vidit
465 2785 523 2849 pro
550 2771 698 2830 ridiculus
726 2765 953 2831 commendans
982 2771 1136 2848 ridiculis,
1167 2765 1250 2850 quod
1282 2765 1388 2848 ipsum

240 2875 413 2960 ignorabat
434 2875 469 2939 in
491 2879 624 2960 utroque
639 2875 789 2940 Palatino
812 2898 881 2940 csse
904 2877 1045 2961 itemque
1068 2875 1102 2938 in
1117 2875 1255 2940 Etrusco
1277 2879 1387 2939 nostro

200 3039 206 3048 .
241 2986 385 3070 aprima
407 3008 515 3050 manu.
544 2986 678 3051 Prorsus
694 2985 846 3051 abhorret
869 2987 1056 3052 aPlautina
1079 2987 1164 3051 certe
1180 2985 1386 3070 simplicitate

239 3095 313 3161 talis
342 3097 537 3162 constructio
564 3103 712 3163 ridiculus
739 3103 870 3163 inditur:
899 3098 1088 3183 praesertim
1120 3117 1192 3161 cum
1225 3117 1283 3160 usu
1307 3097 1386 3160 satis

241 3207 400 3272 constanti
422 3214 571 3274 ridiculus
585 3207 699 3272 Plauto
722 3231 788 3273 non
811 3209 902 3274 sitis
925 3211 979 3294 qui
1002 3209 1102 3273 risum
1127 3211 1233 3272 movet
1253 3207 1384 3292 invitus,

239 3318 294 3381 sed
316 3318 370 3402 qui
393 3318 471 3382 iocis
494 3321 526 3383 ct
547 3319 674 3384 facetiis
696 3319 795 3383 risum
825 3320 933 3384 dedita
955 3342 1051 3404 opera
1075 3321 1201 3404 captat:
1226 3319 1266 3383 cf.
1292 3317 1384 3403 oapi.

238 3427 304 3512 ΙΙΙ,
330 3429 364 3512 1,
390 3429 439 3493 10.
471 3430 521 3494 1Ἰ’.
551 3429 638 3494 Men.
661 3429 710 3514 Π,
733 3432 770 3514 2,
793 3432 846 3495 43.
876 3429 979 3496 Stichi
1000 3431 1027 3514 I,
1053 3433 1083 3515 3,
1110 3432 1158 3495 ΙΙ.
1182 3431 1233 3494 21.
1256 3429 1308 3495 23.
1332 3431 1383 3493 64.

241 3536 290 3621 ΙΙ,
313 3539 350 3621 2,
373 3539 425 3603 58.
450 3539 501 3603 64.
524 3539 588 3623 IV,
619 3543 655 3623 2,
678 3541 729 3605 54.
777 3541 950 3626 (lamparet
972 3541 1107 3607 Bothius
1128 3540 1258 3605 fabulae
1279 3539 1329 3623 ΙΙ,
1356 3543 1383 3622 1,

239 3647 296 3713 69:
323 3656 353 3713 ei
378 3670 432 3714 nos
461 3653 607 3726 facetis
635 3653 807 3727 fabricis
839 3664 866 3715 et
900 3658 997 3718 doctis
1023 3658 1100 3716 ciclis
1125 3653 1319 3732 plcrceomom
1348 3655 1384 3715 cb

239 3767 341 3825 oculos
363 3765 537 3826 obiciemus:
563 3782 629 3825 non
653 3761 807 3848 cogitavit
830 3762 868 3826 de
891 3759 995 3828 Stichi
1017 3760 1077 3846 III,
1100 3762 1130 3846 2,
1154 3763 1189 3827 2ε
1303 3793 1306 3800 ·

756 3907 819 3963 tiam
842 3904 968 3978 confido,
994 3905 1085 3979 quim
1108 3906 1219 3978 potest,

403 4005 450 4045 me
471 4005 571 4047 meum
593 3989 789 4066 bptcnturum
810 3993 912 4068 regem
932 3989 1069 4049 ridiculis
1091 3985 1216 4065 meis:*)

303 4204 329 4272 *J
361 4203 458 4272 [Immo
481 4221 572 4262 mcum
595 4223 637 4263 me
655 4209 837 4274 baroniarum
854 4205 1093 4276 transponendum
1117 4221 1188 4272 esse,
1211 4203 1262 4259 nisi
1281 4203 1328 4272 qui
1346 4205 1383 4260 ad

236 4297 389 4351 metrorum
407 4296 576 4366 elegantiam
596 4299 877 4367 consuetudinemque
901 4299 1060 4355 Plautinum
1082 4317 1196 4369 prorsus
1214 4297 1382 4369 occalluerit,

236 4387 312 4442 haud
330 4391 492 4446 cunctanter
510 4391 686 4447 concesserit.
706 4423 739 4433 -—
758 4392 887 4450 Ceterum
905 4392 934 4446 in
952 4393 1012 4465 ipso
1033 4392 1107 4463 quod
1120 4393 1274 4449 tractamus
1287 4388 1383 4445 Militis
