3300 5102
282 354 346 418 394
567 373 806 436 0000000000
830 376 1134 427 0000000001000.

282 528 331 590 001
352 525 471 592 Rerum
503 527 714 594 humanarum
745 529 837 596 libris
859 531 942 616 apud
964 531 1126 598 Donatum
1149 533 1185 598 in
1206 533 1354 600 Eunuchi
1375 535 1419 618 H,

209 721 211 724 ι
280 637 312 720 2,
335 637 393 720 25,
417 640 450 702 01
481 659 520 703 ex
552 660 589 704 00
622 643 657 704 01
679 641 803 706 videtur
825 641 955 707 Paullus
987 642 1074 708 Festi
1105 644 1265 709 breviator
1296 668 1328 730 p.
1360 645 1420 711 125

281 748 403 833 Muell,
427 753 706 816 commemoratum
738 752 816 816 illud
849 752 945 818 etiam
968 753 1007 818 de
1037 755 1151 840 lingua
1182 754 1418 838 10110141

281 881 312 943 p.
338 859 398 924 148
421 860 475 946 Sp.
521 859 557 926 Id
581 861 666 928 enim
689 884 760 927 cum
782 863 817 928 in
839 863 970 929 Aemilii
991 865 1332 953 Fulviiqua‘operibus
1354 889 1419 932 non

280 975 446 1036 recenseat
466 971 592 1057 livius,
628 973 668 1037 ab
699 974 769 1059 ipso
791 973 947 1041 Fuluiano
979 975 1048 1041 foro
1081 977 1252 1061 piscatorio
1284 978 1419 1044 fortasse

280 1105 344 1148 non
368 1083 527 1148 diversum
549 1104 617 1149 esse
633 1083 794 1150 Beckerus
816 1109 847 1170 p.
864 1087 926 1152 503
950 1087 1135 1152 dubitanter
1150 1088 1285 1154 coniecit
1308 1091 1420 1153 eontra

282 1194 467 1260 Bunsenum
488 1193 599 1260 Descr.
624 1195 721 1261 Vrbis
743 1195 803 1280 III,
829 1199 844 1260 1
869 1220 900 1282 p.
924 1197 998 1281 467,
1022 1198 1075 1283 qui
1096 1204 1255 1265 macellum
1277 1221 1418 1280 00000100

280 1306 315 1371 in
346 1308 456 1371 monte
478 1305 586 1372 Caelio
620 1305 781 1372 conditum
813 1307 1043 1393 interpretatus
1075 1313 1155 1374 erat.
1201 1309 1263 1375 Sed
1285 1313 1318 1374 01
1349 1333 1418 1395 per·

281 1417 377 1482 dubia
403 1417 461 1481 illa
488 1419 539 1481 est
567 1419 764 1502 coniectura,
799 1441 859 1483 000
888 1441 925 1484 00
952 1441 1031 1505 opus
1052 1419 1208 1486 habemus
1229 1424 1267 1485 ut
1288 1422 1418 1486 omnino

279 1528 474 1614 piscatorum
506 1529 727 1614 laniorumque
762 1533 856 1615 atque
879 1530 957 1594 adeo
980 1530 1043 1595 alia
1068 1529 1138 1596 fora
1159 1552 1226 1596 non
1248 1533 1346 1598 fuisse
1368 1532 1418 1597 vel

280 1640 363 1705 vitae
385 1661 445 1704 usu
466 1639 516 1705 vel
537 1641 765 1706 denominandi
789 1640 1016 1706 consuetudine
1038 1643 1177 1707 severius
1203 1642 1342 1708 discreta
1363 1665 1418 1707 no·

245 1752 330 1815 1110
352 1752 607 1836 persuadeamus.
637 1751 739 1817 Docet
758 1751 819 1817 hoc
840 1755 967 1837 praeter
988 1774 1120 1838 eaquae
1141 1775 1239 1838 supra
1254 1753 1418 1819 attulimus

278 1861 328 1926 vel
359 1863 471 1928 Festus
503 1885 535 1947 p.
557 1862 637 1946 238,
671 1863 724 1927 ubi
756 1871 940 1945 placatorum
966 1868 1172 1930 tiberinorum
1195 1875 1349 1946 quaestum
1372 1866 1419 1930 ait

279 1995 338 2039 000
372 1981 403 2039 ln
436 1978 595 2038 macellum
611 1982 788 2055 pervenire,
822 1981 876 2039 scd
894 1977 964 2052 sere
985 1983 1016 2039 10
1049 1996 1154 2040 arcum
1185 1981 1313 2042 Volcani
1340 1977 1417 2060 (qua

278 2083 405 2170 quidem
428 2105 502 2149 area
523 2082 676 2168 Vulcani,
705 2085 744 2149 de
766 2107 829 2169 qua
850 2085 978 2150 uberius
1001 2084 1161 2150 Beckerus
1183 2108 1214 2170 p.
1239 2085 1301 2150 286
1324 2085 1414 2169 dixit,

167 2250 172 2258 .
278 2196 382 2280 ipsum
415 2195 520 2259 forum
554 2194 759 2280 piscatorium
792 2195 968 2281 significari
990 2195 1169 2261 Vrlicbsius
1201 2200 1311 2264 noster
1337 2197 1417 2262 vidit

279 2307 390 2371 Descr.
414 2304 511 2369 Vrbis
533 2303 592 2387 Ill,
616 2305 636 2370 3
658 2327 688 2389 p.
714 2305 778 2390 14).
823 2305 1031 2372 [luculentius
1062 2307 1145 2372 idem
1179 2306 1417 2374 emrculionis

279 2416 351 2500 hae,
375 2438 394 2480 0
416 2437 479 2502 qua
501 2415 603 2480 exorsi
626 2437 743 2500 sumus,
767 2417 1121 2514 scaena-cognoscitur,
1146 2419 1417 2484 0010001300-

278 2529 445 2608 morantur
476 2532 676 2608 symbolarum
708 2533 879 2594 cantatores
912 2535 998 2609 apud
1023 2533 1129 2606 sorum
1158 2535 1336 2609 piscarium.
1380 2529 1418 2594 ld

279 2637 407 2724 quidem
440 2636 544 2702 forum
566 2661 585 2702 a
606 2637 675 2703 foro
697 2638 870 2723 piscatorio
891 2660 1021 2723 prorsus
1042 2639 1202 2704 diversum
1224 2661 1292 2704 esse
1313 2639 1417 2704 Varro

280 2751 318 2814 de
339 2749 452 2835 lingua
474 2748 531 2814 101.
555 2748 585 2813 V
608 2753 627 2831 ξ
652 2749 712 2814 146
734 2772 765 2834 p.
791 2749 851 2814 147
874 2771 910 2814 eo
933 2749 1041 2833 docet,
1075 2749 1156 2836 quod
1182 2758 1345 2817 secundum
1369 2753 1416 2814 Ti-

279 2867 372 2926 berr'm
394 2861 494 2925 fuisse
517 2859 645 2926 scribit:
679 2860 711 2924 id
733 2861 815 2945 quod
848 2861 1023 2925 rectissime
1056 2861 1139 2924 idem
1161 2859 1216 2925 ille
1237 2860 1417 2927 Vrliebsius

279 2972 455 3057 perspexit,
488 2971 551 3036 nisi
574 2971 657 3056 quod
679 2974 806 3057 praeter
827 2992 947 3052 verum,
980 2975 1016 3035 ut
1037 2975 1201 3056 putamus,
1226 2995 1298 3036 eum
1320 2973 1417 3037 edito-
1466 3051 1468 3056 ἲ

280 3083 367 3148 ribus
400 3105 457 3168 pro
487 3081 637 3147 Plautino
669 3083 851 3168 fragmento
894 3081 1007 3146 habuit
1038 3104 1119 3166 quae
1152 3083 1268 3148 subicit
1299 3081 1417 3148 Varro:

280 3201 347 3261 10100
369 3201 413 3258 01
434 3200 580 3260 Plautus:
602 3197 699 3273 ‘apuu
717 3199 891 3273 piscarias,
923 3198 980 3258 Vbi
998 3200 1104 3258 000100
1117 3199 1187 3258 res!
1217 3193 1326 3278 Ipsum
1342 3192 1418 3260 Our-

281 3305 414 3370 culiouis
436 3327 561 3370 versum
584 3327 603 3368 0
624 3303 770 3367 Varrone
802 3303 939 3388 spectari
962 3304 1111 3368 Osaunus
1140 3303 1299 3368 intellexit
1321 3303 1416 3368 Anal.

280 3439 312 3501 p.
339 3417 413 3481 186:
437 3415 545 3480 addita
567 3417 673 3478 autem
695 3418 746 3478 ubi
766 3421 872 3478 curiae
892 3436 942 3479 res
956 3414 1052 3478 verba
1066 3413 1221 3478 Varronis
1243 3417 1327 3497 sunt,
1352 3435 1417 3478 non

281 3526 388 3591 Plauti
420 3549 480 3591 nec
512 3527 640 3609 poetae,
675 3524 784 3589 eodem
807 3546 844 3588 00
866 3525 958 3590 modo
981 3524 1087 3589 addita
1109 3546 1171 3609 quc
1192 3524 1300 3608 paullo
1326 3527 1417 3589 aute:

277 3641 383 3714 sorum
416 3641 613 3703 olitorium.
639 3685 646 3699 .
672 3685 679 3700 .
703 3642 755 3702 ubi
787 3642 899 3700 olerum
932 3641 1031 3716 copie.
1077 3635 1206 3710 Quodsi
1219 3634 1325 3699 vanae
1354 3656 1416 3718 res,

281 3769 347 3812 uon
379 3747 483 3832 pisces
514 3748 640 3810 tantum
673 3747 706 3812 in
740 3746 876 3832 piscario
908 3745 978 3811 foro
1000 3746 1164 3812 venibant.
1208 3744 1314 3820 Quid?
1335 3745 1418 3828 quod

280 3865 401 3923 mucelli
433 3856 561 3942 quidem
593 3860 658 3922 tam
691 3857 756 3922 late
778 3857 866 3921 notio
888 3857 1003 3941 patuit,
1026 3859 1063 3920 ut
1083 3855 1132 3920 vel
1156 3855 1194 3920 de
1216 3834 1342 3919 clitorio
1363 3854 1419 3919 illo

281 3967 385 4033 Varro
417 3973 475 4034 100
505 3979 572 4032 erut
604 3975 756 4049 antiquom
790 3973 944 4033 macellum
971 3967 1096 4051 dixerit,
1130 3967 1276 4050 idemque
1308 3966 1418 4050 paucis

281 4079 479 4163 interpositis
501 4078 581 4144 baec
604 4079 784 4144 continuet:
806 4083 881 4144 1000
903 4085 1003 4144 omniu
1019 4079 1116 4164 (fora)
1133 4089 1418 4158 0000000010οο

282 4201 384 4255 tractu
407 4197 437 4254 in
458 4197 669 4257 0010010000
692 4211 770 4270 0000
792 4195 835 4254 ud
848 4196 956 4255 victum
967 4193 1167 4270 pertinebant,
1192 4201 1220 4252 01
1241 4193 1420 4266 aedificatus

285 4308 377 4382 loom,
403 4309 587 4384 appellatum
610 4307 776 4367 macellum.
