3276 5082
583 370 805 422 enossnruvn
829 371 1042 419 1111111111.
1321 352 1384 418 233
1429 349 1434 356 ’

246 531 351 616 aliquo
372 531 407 594 in
429 529 499 594 Ioco
521 529 554 593 id
575 549 677 612 genua
699 547 793 590 omne
814 527 1019 611 quantumvis
1042 525 1149 611 exigui
1164 523 1259 608 pretii
1275 523 1384 606 paucis

245 641 508 726 comprehensum
529 638 648 722 intueri
671 639 811 721 possent.
1301 639 1302 644 ’

328 752 367 815 11
394 749 618 814 instrumentis
652 750 758 812 autem
779 748 1056 832 interpretationis
1077 751 1204 832 praeter
1226 746 1385 811 adnotati·

244 885 322 928 ones
355 862 468 925 merito
501 859 662 924 habentur
683 859 886 944 glossaria
907 881 1049 924 seorsum
1071 859 1260 942 perscripta.
1305 856 1384 922 Eius

245 973 330 1037 modi
352 971 570 1056 Virgilianum
602 991 805 1054 nequaquam
836 970 1001 1035 indoctum
1023 968 1123 1032 edidit
1145 967 1297 1032 Barthius
1319 967 1384 1031 Ad-

245 1105 326 1147 vers.
339 1081 507 1164 XXXVII,
531 1081 561 1164 5,
578 1080 681 1144 simile
697 1083 804 1144 autern
820 1079 1051 1144 Terentianum
1065 1079 1183 1143 ibidem
1199 1078 1383 1162 XXXVIII,

248 1192 296 1256 14.
341 1191 446 1258 Nullis
469 1191 660 1275 scriptorum
682 1190 875 1254 testimoniis
897 1191 1105 1273 instructum,
1141 1190 1196 1254 sed
1219 1185 1385 1274 explicati·

245 1304 359 1368 onibus
389 1304 518 1366 tantum
549 1301 640 1365 valde
662 1301 828 1384 tenuibus,
866 1300 1002 1364 alterum
1024 1303 1074 1364 est
1095 1299 1323 1364 Terentianum
1345 1321 1385 1364 ea

245 1421 338 1479 veteri
357 1417 463 1478 codice
484 1411 524 1475 ab
549 1409 769 1475 Westerhovio
790 1410 957 1495 vulgatum
979 1409 1039 1476 vol.
1062 1410 1096 1476 lI
1117 1432 1149 1493 p.
1172 1410 1214 1474 99
1236 1410 1284 1474 ed.
1308 1410 1384 1474 mai.

247 1523 380 1587 Brevius
403 1523 516 1605 etiam,
551 1521 605 1586 sed
628 1521 729 1586 multo
751 1520 834 1585 idem
856 1520 981 1604 utilius,
1015 1543 1102 1585 nunc
1125 1520 1214 1585 vohis
1236 1520 1385 1604 proponi-

246 1657 316 1698 mus
339 1634 378 1697 ad
394 1632 545 1697 Plautum
565 1631 741 1716 pertinens
787 1629 940 1696 Continet
960 1631 994 1696 id
1016 1631 1244 1715 explicationes
1259 1630 1386 1714 quidem

246 1743 473 1828 propemodum
495 1741 616 1824 1111111,
646 1741 701 1806 sed
723 1741 807 1805 solas
830 1763 922 1806 voces
945 1741 1128 1824 Plautinas,
1153 1761 1268 1824 easque
1291 1741 1386 1806 unius

246 1856 373 1918 tantum
406 1852 551 1938 geuene,
585 1852 668 1937 quod
697 1855 745 1916 est
768 1853 1028 1934 ἐπιρρηματικόν;
1065 1851 1212 1916 similiter
1233 1855 1329 1936 atque
1351 1852 1386 1916 in

246 1963 357 2028 eodem
379 1962 534 2048 general)
567 1962 663 2047 longe
695 1961 818 2026 doctior
849 1985 883 2027 se
904 1962 977 2027 Iulii
1000 1962 1138 2027 Romani
1166 1983 1263 2045 «opera
1286 1963 1386 2027 conti-

247 2074 319 2137 nuit
342 2073 425 2157 apud
437 2071 617 2138 Charisium
640 2073 660 2137 1.
684 2071 716 2136 II
739 2095 758 2136 a
780 2095 811 2156 p.
839 2073 898 2138 175
920 2073 960 2138 ad
985 2072 1045 2138 198
1068 2073 1104 2137 P.
1130 2070 1310 2159 [194—224
1331 2072 1384 2156 K.²

248 2179 386 2266 itemque
415 2182 514 2246 Nonii
547 2191 645 2266 caput
676 2182 723 2247 XI
756 2183 919 2268 integrum
952 2185 1035 2268 quod
1068 2185 1117 2248 111
1144 2191 1182 2248 de
1215 2189 1388 2249 indiscretis

248 2294 428 2378 advertiis]:
465 2314 574 2356 verum
614 2292 760 2357 criticum
792 2316 885 2358 usum
921 2293 1020 2359 habet
1053 2316 1119 2358 non
1159 2294 1385 2378 spernendum.

248 2402 304 2466 Eis
337 2404 422 2466 anim
455 2402 667 2486 temporibuS,
703 2425 783 2487 (puae
816 2404 934 2468 nostris
967 2405 1094 2488 quidem
1115 2404 1206 2470 libris
1228 2404 1388 2470 Plautinis

249 2512 389 2595 (praeter
411 2535 511 2576 unum
526 2511 787 2599 Ambrosianum)
804 2514 925 2598 aliquot
940 2515 1074 2579 saeculis
1091 2514 1272 2599 antiquiora
1285 2514 1386 2599 fuere,

249 2622 363 2706 aliquis
397 2623 463 2686 sive
485 2621 634 2686 librarius
657 2622 723 2687 sive
744 2625 974 2706 grammaticus
996 2625 1029 2688 id
1052 2625 1137 2709 egit,
1172 2625 1264 2689 utin
1287 2625 1387 2708 perle-

248 2731 361 2815 gendis
395 2732 512 2796 fabulis
535 2731 694 2797 Plautinis
726 2734 900 2798 secundum
927 2755 1074 2798 versuum
1096 2734 1300 2822 ordinem**)
1323 2736 1386 2800 sin·

248 2841 324 2925 gula
358 2841 545 2905 adverbia
567 2845 727 2920 epotaret,
755 2847 967 2928 quotcumque
989 2843 1108 2928 aliquid
1131 2845 1160 2909 ei
1182 2846 1387 2910 memorabile

249 2951 367 3016 habere
389 2951 583 3015 viderentur.
628 2953 664 3015 Id
688 2957 793 3017 autem
816 2952 1007 3037 glossarium
1021 2956 1185 3039 tamquam
1202 2955 1388 3039 appendicis

248 3062 318 3126 loco
341 3061 465 3126 codices
488 3049 616 3144 quidam
638 3061 794 3127 Prisciani
818 3066 946 3146 tenent,
980 3064 1073 3128 modo
1095 3063 1173 3129 XIV
1195 3065 1288 3129 modo
1310 3065 1388 3130 XVI

249 3171 330 3235 libro
346 3170 611 3251 subiectum***):
634 3170 689 3236 illo
704 3173 832 3257 quidem
846 3173 916 3238 loco
931 3173 1224 3239 Halberstadiensis
1246 3175 1387 3240 110111-

250 3345 451 3355 ———-

317 3460 342 3526 *)
373 3457 514 3528 [Notabile
532 3459 585 3525 ert,
608 3461 682 3528 quod
700 3461 736 3516 ad
753 3461 828 3516 idom
845 3479 934 3531 genus
952 3465 1172 3532 ἐπιρρηματικόν
1190 3463 1229 3530 (11
1248 3479 1302 3530 quo
1321 3479 1388 3518 sano

250 3551 335 3621 prisci
352 3549 486 3606 sermonis
504 3553 661 3622 proprietas
672 3553 852 3623 insigniorem
870 3555 898 3609 in
916 3556 1028 3610 modum
1041 3556 1138 3624 enitet)
1157 3572 1190 3610 ex
1203 3555 1388 3624 antiquissimi

250 3643 411 3714 interpretis
430 3643 551 3698 Plautini
568 3646 599 3699 L.
619 3646 737 3701 Cornelii
755 3647 887 3703 Sisennae
906 3651 1050 3716 quattuor,
1070 3666 1139 3717 quas
1163 3647 1288 3703 Charisia
1306 3649 1388 3704 debe-

250 3755 326 3804 mus,
349 3737 591 3793 observationibus
613 3741 669 3794 tres
691 3740 832 3811 pertinent
854 3759 925 3810 quae
952 3743 1017 3795 sunt
1039 3741 1073 3797 de
1092 3746 1268 3800 exuuiassim
1290 3746 1389 3799 tuatim

251 3834 364 3887 tractim
382 3829 534 3884 adverbiis:
558 3831 634 3886 euius
652 3833 693 3887 rei
709 3833 871 3889 testimonia
888 3833 1043 3904 perscripta
1060 3836 1126 3894 11111
1143 3835 1286 3904 Parergou
1305 3834 1357 3889 vol.
1377 3835 1389 3887 Ι

251 3941 277 3992 p.
297 3927 356 3978 385.
393 3921 533 3988 (Ceterum
551 3924 585 3978 de
604 3931 716 3983 tractim
739 3944 810 3994 qnae
829 3927 969 3982 Charisius
992 3945 1018 3997 p.
1041 3935 1088 3982 196
1111 3930 1169 3995 (221
1189 3927 1233 3996 Κ.)
1256 3927 1336 3983 addit
1353 3929 1389 3983 ad

251 4014 372 4070 Maronis
398 4013 536 4083 Georgica
565 4019 732 4086 spectantia,
760 4039 810 4076 sua
835 4023 934 4091 sponte
957 4023 1075 4092 apparet
1098 4021 1133 4075 ab
1151 4019 1238 4090 ipsius
1256 4021 1389 4076 Sisennae

253 4108 392 4162 mentione
410 4123 523 4177 prorsus
541 4111 712 4180 seiungenda
730 4116 821 4184 1111)]

318 4201 360 4266 **)
379 4199 514 4269 [Eundem
537 4203 662 4258 ordinem
680 4205 709 4258 in
726 4223 772 4271 eo,
791 4207 838 4275 qui
855 4208 990 4262 tredecim
1014 4210 1045 4264 ut
1061 4208 1171 4263 videtur
1189 4209 1298 4264 fabulas
1316 4225 1389 4264 com·

253 4293 435 4362 plectebatur,
448 4296 645 4353 commentario
656 4300 750 4354 vetere
760 4299 1006 4357 Schottmuellerus
1018 4303 1036 4356 1.
1049 4321 1070 4356 s.
1081 4320 1101 4356 s.
1114 4301 1272 4357 observarit
1282 4322 1309 4372 p.
1320 4305 1389 4374 811]

319 4394 376 4462 ***)
394 4389 551 4446 Fluctuanti
562 4389 631 4446 item
643 4393 708 4446 sede
726 4393 794 4449 illud
813 4395 847 4450 de
864 4395 1027 4465 pronomine
1045 4397 1242 4465 fragmentum,
1261 4395 1333 4452 undo
1350 4397 1389 4451 in-
