3300 5102
588 353 813 404 ouosssnrvn
836 353 1046 402 eunv'rrnvn.
1326 335 1390 399 261
1495 407 1498 416 ‚

250 514 417 600 reliquerit
438 514 472 576 in
496 469 644 594 corrupto
667 531 760 572 versu
781 507 979 574 Bacchidem
1001 508 1027 591 Ι,
1052 511 1080 591 1,
1107 509 1146 571 14
1169 507 1235 590 (48)
1257 509 1314 572 sc'ti
1333 511 1391 572 100

250 633 327 692 idern
350 631 436 705 apud
457 644 510 687 uos
532 624 645 686 re'ctr'us
667 623 786 685 Po'teris
805 641 913 699 nque:
949 632 1039 699 etque
1060 621 1086 685 is
1108 626 1178 684 dum
1201 625 1311 696 ueniat,
1346 639 1390 682 sc·

248 745 322 802 deus
344 741 388 801 ibi
407 735 602 815 opperibere:
625 731 672 796 sic
693 731 789 814 enim,
813 737 864 809 ihi,
888 752 954 794 non
975 736 1025 796 hic
1048 753 1119 794 cum
1142 731 1266 814 ceteris,
1289 729 1391 796 Vetus

250 848 358 912 habet.
403 844 468 910 Vbi
500 849 605 908 sedens
637 863 698 906 nec
728 862 786 925 pro
807 841 992 926 pyrrhichio
1015 864 1083 906 esse
1107 864 1166 907 nec
1189 865 1207 906 a
1229 840 1392 906 sententie

250 962 335 1024 stare
366 959 488 1042 potest3
523 975 585 1038 quo
618 953 704 1016 enim
726 951 919 1017 Pistoclerus
946 958 1051 1018 sedeat
1072 952 1296 1036 potissimum?
1332 973 1391 1036 pro

251 1091 314 1154 quo
337 1067 451 1132 saltem
474 1068 646 1131 accubendi
665 1063 829 1128 notionem
852 1067 1084 1146 exspectamur.
1114 1062 1199 1127 illud
1220 1063 1322 1148 igitur
1336 1063 1391 1126 du-

251 1180 354 1244 bitare
376 1177 443 1241 noli
466 1175 544 1259 quin
560 1173 737 1238 ludibunda
759 1158 850 1238 scioli
872 1196 970 1238 manu
994 1173 1191 1258 adscriptum
1214 1173 1271 1256 sit,
1294 1194 1392 1257 pepu-

252 1289 327 1354 lerit
341 1291 449 1352 autem
471 1285 555 1371 quod
576 1285 709 1349 Plautus
731 1287 891 1368 posuerat.
935 1283 983 1367 Id,
1006 1287 1043 1348 ut
1065 1282 1209 1368 exemplo
1231 1287 1314 1366 utar,
1338 1305 1392 1366 pc·

251 1400 315 1465 tuit
329 1398 393 1463 tale
411 1417 479 1462 esse
502 1407 593 1475 atque
614 1397 639 1460 is
661 1400 731 1458 dum
754 1403 863 1473 ueniat,
883 1397 1009 1474 plicidc
1030 1400 1072 1458 ibi
1092 1396 1284 1477 opperibcrc3
1306 1393 1392 1457 haud

253 1485 362 1595 pauilo
372 1511 482 1572 tamen
493 1505 689 1589 probabilius
705 1527 837 1568 manum
859 1508 971 1588 poetae
994 1505 1040 1569 sio
1062 1525 1251 1588 recuperare
1274 1503 1392 1568 videbi-

252 1641 338 1684 mur:
385 1617 523 1698 otqueis
554 1621 625 1681 dum
659 1621 774 1693 ueniat,
813 1617 941 1680 interibi·
960 1616 1144 1695 opperibere.
1190 1613 1337 1678 Eandem
1359 1616 1392 1678 et

254 1712 524 1796 consumationem
547 1728 579 1789 et
602 1725 849 1790 collocationem*
865 1725 965 1791 habes
988 1726 1167 1790 Trinummi
1191 1725 1252 1807 ΙΙΙ,
1285 1726 1316 1806 3,
1351 1724 1392 1788 28

253 1841 341 1922 (iot)
365 1845 442 1904 Dum
458 1839 578 1902 occisio
600 1843 629 1900 ci
649 1841 696 1899 rei
715 1839 899 1916 reperietur,
924 1837 1043 1901 interim
1066 1841 1110 1900 ,to
1133 1837 1230 1901 emico
1252 1841 1394 1900 alicunde
1524 1877 1526 1880 -

253 1952 382 2016 mutuom
405 1949 562 2028 arpentum
584 1967 698 2026 rocem.
743 1946 825 2026 Item
848 1969 886 2010 ea
908 1936 1146 2031 significatione
1168 1953 1238 2011 dum
1253 1944 1392 2029 perticu-

253 2061 313 2143 lae,
337 2081 400 2144 qua
423 2061 539 2142 aequat
560 2059 705 2121 nostram
727 2062 888 2130 metirent,
923 2056 1009 2122 Men.
1032 2057 1065 2140 I,
1094 2059 1124 2140 3,
1148 2059 1188 2122 31
1213 2056 1301 2137 (214)
1324 2056 1393 2118 uim

254 2182 409 2250 coquetur,
432 2171 552 2233 interim
570 2171 759 2250 potiturum
781 2167 851 2231 Mil.
876 2167 933 2252 IV,
956 2169 987 2251 6,
1010 2168 1051 2234 56
1075 2168 1184 2250 (1271)
1209 2168 1392 2231 20011011-

255 2293 365 2354 tuetur,
389 2282 509 2344 iuterim
531 2285 668 2358 linquam
690 2280 772 2343 ocuti
790 2281 1026 2364 praecideruut3
1062 2277 1153 2343 Trin.
1177 2277 1203 2360 Ι,
1229 2279 1258 2360 1,
1282 2277 1302 2340 8
1325 2275 1391 2356 (30)

254 2397 316 2456 Sed
345 2397 418 2456 dum
439 2391 488 2453 ttu·
507 2401 681 2467 neurotuut,
720 2390 840 2453 interim
862 2393 960 2454 more's
981 2395 1055 2454 muti
1076 2439 1084 2452 .
1109 2437 1117 2452 .
1143 2437 1150 2452 .
1175 2437 1182 2452 .
1207 2406 1394 2453 succrevere.

254 2501 298 2566 Ec
320 2500 463 2585 paullum
485 2498 609 2562 variato
632 2499 808 2563 collocandi
831 2499 942 2564 ordine
964 2498 1047 2563 Rud.
1071 2498 1152 2582 prol.
1176 2499 1216 2562 37
1240 2501 1303 2562 Seri
1323 2502 1393 2561 tium

255 2615 329 2676 cilios
350 2621 462 2689 seruat,
485 2631 517 2674 sc
538 2612 690 2689 impedivit
711 2609 845 2693 interim3
883 2609 985 2674 Stichi
1007 2609 1056 2692 ΙΙ,
1081 2611 1118 2691 2,
1141 2609 1183 2674 43
1207 2607 1294 2691 (367)
1318 2610 1394 2670 Dum

253 2731 417 2802 percontor
443 2722 609 2800 portitores
631 2767 639 2783 .
665 2767 672 2784 .
699 2768 717 2803 .,
751 2723 940 2798 conspicatus
971 2741 1036 2784 sum
1068 2722 1187 2784 interim
1211 2721 1394 2799 Ce'rcurum3

255 2833 350 2897 Truc.
379 2830 436 2914 IV,
475 2831 512 2913 2,
549 2829 660 2909 5qu
689 2831 739 2894 hic
775 2832 896 2894 iuterim
925 2831 1063 2894 restitrin
1080 2831 1280 2909 praesidebo,
1319 2828 1395 2892 Istic

255 2948 326 3008 dum
355 2948 400 3006 sic
429 2944 532 3017 ficiat
554 2945 671 3006 domurn
695 2943 737 3004 uu
757 2951 786 3004 tc
808 2943 993 3018 excoriatum:
1030 2941 1116 3003 recte
1139 2937 1225 3002 enim
1246 2937 1294 3001 ita
1315 2936 1395 3001 haec

255 3051 392 3116 Bothius
415 3051 592 3138 copatituit.
637 3048 722 3113 Nam
744 3050 883 3134 nequid
907 3071 1002 3132 erres,
1026 3048 1150 3134 origine
1173 3070 1231 3112 sua
1253 3069 1319 3111 non
1335 3047 1394 3110 dif-

255 3162 339 3226 ferre
372 3167 495 3225 interibi
525 3163 558 3224 et
589 3166 706 3224 interim
740 3161 859 3224 formas
892 3161 970 3224 satis
992 3159 1085 3223 hodie
1107 3157 1308 3223 intellectum
1330 3161 1394 3222 est:

257 3273 298 3337 ef.
322 3271 405 3336 uus.
428 3270 533 3336 suen.
560 3269 637 3336 vni
660 3293 691 3354 p.
713 3270 776 3335 uss
800 3270 872 3334 0011.
896 3293 928 3354 p.
955 3271 1013 3334 un
1037 3291 1083 3354 sq.
1108 3269 1182 3333 aun.
1199 3268 1230 3332 s.
1263 3249 1395 3331 'orions

256 3385 364 3446 antem
395 3384 469 3466 post
490 3379 641 3446 Plautum
675 3384 721 3461 (et
742 3380 915 3444 Afranium
949 3403 978 3444 v.
1010 3380 1069 3444 138
1091 3378 1146 3462 R.)
1180 3378 1286 3444 nullus
1320 3400 1395 3442 usus

255 3493 320 3556 suit
340 3491 403 3555 nisi
426 3491 509 3575 apud
532 3491 726 3556 exoletorum
740 3493 908 3556 novatores
925 3489 1062 3557 Gellium
1077 3489 1341 3575 Appuleiumque.
1353 3527 1396 3538 -

257 3601 405 3667 Ceterum
427 3605 460 3666 et
481 3601 520 3665 dc
541 3602 592 3665 his
613 3602 725 3666 formis
748 3605 780 3666 et
801 3603 840 3666 de
862 3610 979 3666 intereo
1002 3605 1034 3666 et
1056 3607 1206 3666 interdum
1221 3601 1299 3665 satis
1314 3600 1395 3664 mira

257 3715 352 3796 atque
385 3711 463 3776 adeo
495 3711 623 3776 veritati
655 3733 784 3795 prorsus
807 3712 968 3776 contraria
991 3711 1154 3776 obscurius
1176 3733 1272 3794 quam
1295 3711 1395 3773 curio-

257 3823 322 3885 sius
356 3821 602 3886 oommentando
623 3821 834 3907 Doederlinus
856 3821 977 3906 Synon.
1012 3824 1044 3886 01
1078 3825 1173 3905 etym.
1198 3819 1244 3884 IV
1277 3843 1309 3903 p.
1333 3821 1394 3885 271

257 3953 325 4016 sqq.
349 3931 451 3995 docet.
496 3929 594 3995 Velut
614 3953 773 4016 nusquam
795 3933 879 4016 apud
901 3932 1051 3996 Plautum
1072 3938 1190 3995 iuterim
1213 3933 1328 4014 aequat
1350 3936 1396 3994 iu·

258 4048 377 4106 turdum
399 4041 574 4123 notionem,
597 4041 680 4125 quod
703 4064 785 4106 unus
807 4043 939 4107 suadere
961 4041 1149 4106 Truculenti
1164 4063 1273 4104 versus
1288 4039 1345 4123 lv,
1362 4041 1394 4122 4,

257 4151 299 4215 29
321 4150 420 4215 videri
442 4150 556 4234 potuit,
581 4151 635 4214 sed
657 4152 684 4214 is
707 4155 740 4215 et
762 4155 848 4216 certo
871 4157 1037 4236 corruptus
1061 4155 1093 4214 et
1114 4151 1207 4215 Festo
1223 4149 1302 4214 duce
1318 4150 1395 4234 (epi-

257 4263 363 4325 tomae
385 4284 416 4345 p.
442 4262 514 4342 111)
537 4283 603 4326 non
624 4262 729 4326 minus
753 4264 839 4326 certo
861 4263 908 4326 sio
937 4262 1166 4326 restituendus:
1211 4260 1261 4326 'Jd
1279 4281 1397 4340 quoquc

258 4377 349 4440 etium
371 4373 565 4438 intc'rduutim
587 4374 692 4442 nomen
714 4377 1009 4441 communorioitur:
1033 4394 1127 4462 quam
1150 4371 1276 4460 quidem
1291 4393 1395 4441 emen·
