3300 5102
261 305 326 369 400
569 324 843 374 unuuunrronus
866 326 1099 378 maneremus.
1141 303 1147 314 “

262 476 320 540 bus
343 475 582 563 offensionibus,
606 500 688 563 quae
710 483 818 545 tumen
842 481 949 546 nullae
972 482 1145 548 editoribus
1161 484 1402 568 interpretibus·

261 608 322 671 qua
343 587 489 672 fuerunt,
515 590 574 654 etsi
597 611 614 654 e
636 589 853 676 discrepantia
875 592 1052 677 scripturae
1073 593 1155 659 nihil
1178 595 1288 660 auxilii
1310 617 1401 680 para-

261 701 328 761 tum
356 701 405 762 est
433 698 510 783 (nisi
537 700 621 784 quod
648 704 748 766 amaa
769 700 871 767 Vetus
898 725 956 787 pro
978 711 1093 770 amicus
1114 706 1274 790 praebetl:
1311 710 1346 771 at
1367 708 1402 772 in

260 809 420 892 scriptura
441 810 512 894 ipsa
527 832 636 875 verum
658 811 704 876 ita
726 812 895 896 delitescit,
919 816 955 877 ut
976 817 1063 879 recte
1087 837 1158 878 cum
1180 817 1311 880 sociatis
1333 821 1400 882 tum

261 919 440 984 dissociatis
469 921 600 1004 syllabis
623 925 787 1006 tamquam
809 945 867 986 sua
889 927 1003 1006 sponte
1032 924 1174 1010 prodeat.
1221 925 1311 1002 Quod
1334 927 1401 1012 qui-

261 1029 333 1094 dem
354 1029 416 1094 hoc
438 1034 583 1116 exemplo
604 1032 766 1096 declarare
789 1032 879 1098 licet:

295 1182 1363 1266 EOEGOUTQUAEMANDATAAMlaunna[claranonmnoronnror

299 1268 335 1308 ro
350 1268 406 1309 suo
426 1269 459 1310 ur
477 1269 552 1318 orins
584 1269 721 1311 nrnuoarn
764 1269 794 1310 un
817 1270 888 1312 saur
903 1271 1071 1313 nonunrsnra
1090 1272 1246 1313 -osunaro
1271 1275 1349 1315 arrius

182 1418 188 1428 ·
261 1387 330 1452 Nec
357 1388 442 1453 enim
471 1391 654 1454 suasoribus
681 1390 774 1455 nohis
803 1391 965 1455 dubitabis
988 1391 1066 1476 quin
1088 1390 1167 1456 hacc
1184 1381 1264 1476 'ipsa
1285 1398 1401 1478 poetae

260 1521 375 1564 manus
397 1499 455 1564 sit:

366 1625 411 1700 llo
439 1661 494 1719 ego
517 1646 567 1716 ut,
591 1663 667 1720 quae
689 1645 831 1703 mandata
853 1645 926 1703 mihi
948 1649 1033 1719 sunt,
1057 1646 1272 1706 administrem.
1317 1647 1398 1707 Dan.

866 1730 956 1789 immo
979 1751 1080 1790 mane:

260 1881 323 1942 qua
344 1863 533 1942 recuperata
555 1859 636 1924 nihil
659 1860 786 1925 illorum
801 1861 954 1944 omnium,
978 1884 1058 1946 quae
1075 1866 1226 1926 tamesae
1248 1863 1399 1928 intolera-

261 1969 338 2034 bilia
353 1992 448 2054 supra
464 1970 610 2054 vidimus,
634 1971 780 2034 relictum
802 1975 859 2035 est.
892 1972 942 2036 Ac
956 1971 1118 2036 simillimo
1133 1973 1221 2037 verbi
1242 1996 1300 2038 usu
1323 1974 1399 2057 (alia

260 2101 301 2143 na
324 2080 531 2163 cumulemus)
559 2080 594 2144 in
618 2081 772 2166 Adelphis
795 2081 835 2165 V,
862 2083 933 2166 l‚2
961 2082 1129 2147 Terentius
1159 2088 1311 2164 Lauteque
1336 2107 1398 2148 mu-

261 2213 316 2256 nus
338 2197 561 2256 administrasti
580 2203 670 2257 tuom.

343 2360 555 2426 Volueramus
569 2363 604 2426 in
618 2363 720 2426 triade
743 2363 1000 2430 emendationum
1022 2364 1209 2430 subsistere:
1231 2387 1270 2428 ea
1291 2368 1398 2432 autem

260 2476 296 2536 ut
322 2475 390 2536 tota
418 2471 569 2538 Plautina
597 2473 640 2536 sit
668 2474 807 2558 (quando
834 2495 900 2539 non
928 2475 967 2538 ad
995 2474 1100 2559 ipsum
1122 2474 1272 2539 Plautum
1295 2467 1398 2560 primu

208 2592 247 2644 Vll
266 2584 464 2669 spectabat),
494 2605 531 2648 ex
555 2585 664 2648 eadem
687 2607 803 2649 scaena
825 2585 922 2650 aliam
944 2585 1087 2650 addimus
1109 2588 1176 2650 tam
1198 2588 1308 2649 nostra
1330 2607 1401 2650 sen-

260 2695 362 2758 tentia
385 2694 490 2758 lenem
513 2699 545 2759 et
566 2695 743 2780 simplicem
765 2717 860 2781 quum
884 2699 1003 2760 certam
1026 2699 1058 2759 et
1072 2696 1297 2760 necessariam.
1330 2694 1399 2758 bla-

148 2797 152 2803 ’
259 2806 367 2888 gitant
389 2827 459 2869 eam
483 2805 693 2890 Demiphonis
714 2805 789 2870 inde
812 2828 831 2869 a
853 2828 881 2870 v.
906 2807 946 2870 62
971 2805 1056 2893 [396]
1080 2807 1159 2870 haec
1182 2807 1293 2870 verba:

343 2963 428 3024 Nihil
450 2968 541 3040 opust
562 2965 651 3024 nobis
674 2965 781 3023 ancilla
803 2966 862 3024 nisi
885 2985 960 3041 quae
983 2966 1080 3037 texat,
1104 2984 1181 3040 quac
1203 2965 1312 3038 molat,

344 3049 475 3128 Lignum
497 3050 610 3124 caedat,
634 3069 759 3125 pensum
783 3051 887 3123 saciat,
912 3049 993 3108 aedis
1016 3053 1127 3122 verrat,
1150 3051 1284 3125 vapulet,

344 3135 426 3205 Quae
447 3135 557 3193 habeut
579 3135 775 3194 cottidianum
803 3135 933 3194 familiae
956 3137 1072 3193 coctum
1095 3134 1204 3193 eibum.

262 3281 323 3348 Vbi
346 3305 410 3348 non
439 3283 532 3346 modo
562 3282 812 3347 concinnitatem
842 3281 1088 3347 conformandae
1111 3281 1265 3345 orationis
1294 3281 1398 3365 parire

260 3395 363 3458 denuo
390 3393 517 3458 invecto
544 3397 627 3468 Quae
648 3393 836 3477 pronomine
858 3392 993 3476 senties,
1017 3392 1072 3456 sed
1095 3392 1191 3456 etiam
1214 3397 1310 3456 citrum
1332 3413 1400 3456 coc·

259 3517 319 3570 lum
345 3508 487 3582 familiae
514 3509 655 3568 habere
683 3504 760 3587 quid
787 3505 830 3568 sit
851 3503 1018 3568 nobiscum
1040 3501 1221 3588 ignorabis:
1255 3523 1315 3566 nec
1338 3501 1398 3585 Py-

260 3615 340 3679 ladis
369 3614 545 3678 mutatione
570 3619 710 3694 Quoque
731 3619 843 3680 haheat
869 3615 1039 3700 quicquam
1068 3633 1126 3676 nos
1154 3613 1306 3697 proficere
1329 3633 1398 3696 per-

259 3725 384 3811 spicies.
430 3724 480 3790 Ne
501 3725 613 3803 multa,
636 3724 765 3808 scripsit
786 3728 896 3810 poeta:

344 3865 573 3926 Prothibcat
600 3865 801 3926 cottidianum
823 3865 954 3926 familiae
976 3867 1094 3925 cootr'rm
1116 3865 1224 3925 cibum.

259 4021 424 4108 Exemplis
446 4025 473 4088 si
495 4046 574 4108 opus
597 4004 660 4109 est,
685 4016 808 4088 affatim
830 4024 962 4088 Plautus
984 4022 1169 4108 praehibet:
1207 4020 1333 4105 Epidici
1356 4015 1396 4104 V,

259 4137 290 4218 2,
314 4137 354 4200 62
377 4137 461 4200 Nelea
482 4141 588 4200 liberto
610 4157 684 4217 opus
705 4147 749 4200 est
770 4140 852 4216 quod
867 4145 993 4216 puppel.
1040 4140 1122 4198 Pur.
1144 4137 1283 4198 dubitur:
1308 4151 1398 4212 prac-

259 4252 330 4312 bebo
350 4252 456 4312 cibum.
502 4247 618 4310 Persae
640 4270 669 4310 v.
696 4247 757 4311 132
781 4251 831 4311 Me
854 4257 886 4310 at
907 4247 1062 4325 antiquam
1079 4250 1170 4322 norit,
1196 4247 1256 4307 nisi
1276 4247 1327 4305 :lle
1348 4247 1402 4320 qui

255 4362 383 4438 praebet
413 4362 534 4424 cibum?
578 4355 622 4422 m
649 4357 681 4420 in
711 4355 872 4421 simillimo
900 4376 1018 4440 genere
1048 4353 1204 4419 ltudentis
1232 4351 1280 4434 Η,
1304 4352 1334 4433 6,
1358 4351 1400 4415 29
