3300 5102
592 391 815 441 onosslnrvu
838 389 1052 438 nnlvnrsvn.
1329 373 1392 438 253

336 548 377 612 38
399 553 589 626 turpiter:
612 545 708 609 Most.
731 544 783 628 ΙΙ,
807 544 838 627 2,
862 544 881 608 8
905 543 1013 628 (438);
1038 541 1107 606 vide
1130 541 1169 605 ad
1193 545 1212 622 ξ
1234 542 1287 606 30.

336 657 378 722 39
400 665 554 738 usquin:
577 655 672 719 Most.
696 654 739 737 ll,
763 655 794 737 2,
821 654 861 717 19
883 653 974 739 (499)
1003 655 1118 732 Vsqm‘n
1141 658 1283 716 uoluisti?
1312 650 1395 727 Quo-

253 789 325 831 cum
349 767 607 832 contendendum
629 765 728 829 Mero.
753 764 796 847 Π,
819 765 850 846 3,
874 764 916 828 63
939 763 1030 848 (373)
1069 769 1207 842 Vsquene
1239 765 1310 846 (pro
1332 784 1394 847 quo

251 878 329 942 item
358 879 470 959 Vsquu'n
494 876 711 960 scribendum)
740 880 883 940 valuisti?
926 872 1098 938 Rationem
1121 873 1188 937 eius
1218 872 1396 958 scripturae

253 987 408 1072 explicavi
431 987 535 1052 Musei
557 986 707 1051 Rhenani
728 988 752 1049 t.
775 983 838 1048 Vll
861 1007 892 1068 p.
917 984 990 1048 577.

337 1097 381 1162 Ι11
411 1097 668 1162 Truculento.
722 1096 765 1159 40
803 1098 977 1171 offatim:
1015 1097 1063 1158 ter
1103 1093 1186 1158 redit
1216 1094 1252 1159 in
1285 1094 1396 1159 cadem

257 1229 374 1272 senens
396 1207 582 1272 Truculenti
604 1206 652 1288 II,
678 1208 695 1271 7
718 1228 747 1269 v.
771 1205 823 1270 52.
846 1204 889 1268 60
910 1207 944 1268 61
964 1204 1020 1268 64:
1050 1207 1180 1269 Ve'rbum
1202 1227 1293 1270 unum
1316 1210 1397 1270 udde

257 1321 347 1384 istoc:
370 1326 430 1383 ium
452 1325 557 1383 hercle
571 1339 626 1398 eqo
642 1323 692 1381 166
705 1318 755 1380 hic
769 1322 828 1380 166
843 1317 962 1396 offatim
984 1317 1197 1406 6666616631
1218 1354 1262 1366 -
1283 1315 1396 1380 'Etiam

253 1431 431 1495 6661166161
450 1436 607 1506 minitare,
639 1448 724 1506 quem
751 1428 807 1505 c'qo
830 1433 891 1490 ium
913 1432 1034 1506 offatim
1055 1425 1316 1510 concipilubo”):
1353 1463 1396 1474 —

253 1542 399 1618 1661666
422 1549 450 1604 16
470 1545 521 1602 lu’c
542 1540 661 1618 offuu'm
683 1544 841 1613 confictum
864 1558 892 1600 e.
916 1557 946 1619 q.
971 1557 996 1600 s.
1041 1533 1161 1611 Quibus
1188 1535 1266 1600 locis
1295 1537 1395 1600 omni-

253 1650 312 1714 bus
335 1657 453 1730 offatim
483 1648 567 1712 solus
595 1647 736 1711 servavit
756 1645 875 1729 Vetus,
900 1652 1019 1728 affatim
1042 1648 1179 1730 peccant
1200 1645 1395 1710 Decurtatus

255 1761 287 1822 et
308 1757 486 1823 Vaticanus
510 1779 582 1822 cum
603 1755 694 1820 libris
716 1756 911 1822 traducibus.

338 1869 378 1934 41
402 1876 590 1946 turpiter:
613 1867 708 1931 Truo.
732 1867 773 1950 V,
799 1869 853 1932 11:
883 1866 954 1932 vide
977 1869 1017 1932 ad
1040 1871 1060 1948 ἓ
1082 1867 1134 1932 30.

339 1978 384 2043 In
405 1978 643 2043 Trinummo.
687 1977 739 2040 42.
756 1978 797 2042 43
820 1985 940 2060 nevis,
963 1985 1108 2043 11666116
1131 1977 1173 2060 11,
1191 1979 1221 2060 2,
1238 1979 1279 2043 47
1303 1978 1394 2065 (328)

255 2094 289 2153 61
308 2088 352 2173 Π,
375 2089 406 2172 2,
431 2090 472 2154 82
494 2089 583 2172 (361)
606 2087 656 2151 vel
679 2087 720 2153 85
743 2088 850 2172 (364):
873 2087 944 2154 vide
969 2089 1009 2152 ad
1032 2092 1052 2168 ξ
1075 2088 1127 2152 28.

339 2200 381 2263 44
403 2205 700 2264 nudiussextus:
723 2197 940 2282 Τ1111.ΙΠ,2,
961 2199 1017 2264 101
1040 2198 1393 2283 (1271616616.

339 2310 381 2375 46
418 2330 533 2388 usque
560 2315 664 2373 modo
687 2309 766 2392 (sive
789 2316 969 2389 usquemodo
990 2309 1091 2374 voluit
1111 2310 1394 2398 glossographus):

256 2419 435 2484 Trinummi
456 2418 514 2502 IV,
542 2421 575 2503 1,
600 2419 619 2483 8
643 2419 733 2505 (827)
763 2422 841 2484 Num
865 2427 921 2499 pol
944 2427 1101 2500 placidum
1124 2424 1395 2486 1661616666166

255 2551 291 2595 eo
312 2533 409 2610 usquc
426 2537 514 2595 modo
536 2542 568 2594 ut
589 2535 672 2594 volui
691 2530 760 2593 usus
780 2551 845 2594 sum
868 2537 897 2594 m
914 2537 987 2595 ulto.
1019 2529 1082 2595 Vbi
1105 2530 1133 2594 si
1154 2530 1209 2595 illa
1230 2531 1265 2595 in
1288 2531 1395 2595 codice

256 2661 313 2704 suo
335 2641 436 2722 idem,
460 2639 543 2724 quod
570 2660 630 2702 nos
651 2660 738 2702 nunc
760 2638 897 2724 legimus
919 2640 954 2703 in
976 2639 1151 2724 Palatinis,
1180 2641 1306 2705 invenit
1323 2649 1394 2722 plu-

256 2758 325 2815 6166
339 2763 368 2814 te
382 2763 410 2814 et
424 2757 562 2815 61666666·
581 2770 646 2813 mco
668 2770 760 2829 usquc
781 2755 878 2827 moun,
905 2771 1017 2814 caussa
1038 2754 1130 2834 patet
1152 2773 1207 2816 cur
1229 2751 1267 2816 de
1289 2774 1395 2832 mque·

256 2867 344 2926 modo
367 2860 517 2924 adverbio
540 2859 682 2945 cogitare
704 2858 916 2924 inconsultius
937 2861 1088 2944 potuerit.

340 2971 382 3036 46
403 2978 582 3036 saeviter:
605 2969 786 3034 Trinummi
806 2968 864 3052 IV,
881 2971 912 3053 3,
929 2971 971 3035 53
993 2971 1105 3054 (1060)
1128 2993 1158 3049 6,
1183 2973 1393 3038 6661666816-
1438 2987 1443 2996 ·

255 3090 327 3146 sime
347 3085 489 3147 saeviter.
528 3080 650 3146 Eadem
673 3080 780 3165 glossa
802 3080 889 3144 111116
911 3082 1037 3161 161118
1059 3080 1289 3147 606Ρ66111111
1311 3082 1337 3166 Ι,
1361 3083 1392 3166 2,

260 3193 317 3255 122
333 3192 423 3278 (337)
446 3213 476 3269 6,
501 3203 562 3255 tum
583 3194 729 3274 saeuitum
751 3191 865 3272 1161118
882 3191 923 3256 74
937 3214 954 3256 6
969 3190 1121 3255 Pseuduli
1135 3191 1176 3274 V,
1193 3191 1223 3275 2,
1240 3193 1261 3257 3
1282 3193 1394 3278 (1290)

255 3304 777 3382 166611661166616166άά166666.
800 3341 843 3351 —
872 3301 1020 3367 Ceterum
1043 3301 1194 3386 quoniam
1217 3301 1256 3366 ed
1279 3326 1308 3367 v.
1332 3303 1393 3367 827

256 3415 381 3495 spectat
403 3433 483 3496 quae
505 3412 670 3496 praecedit
692 3418 872 3492 usquemodo
894 3411 1017 3498 glossa,
1041 3413 1082 3476 ad
1104 3436 1132 3476 v.
1158 3413 1218 3477 891
1242 3435 1323 3498 quae
1345 3414 1393 3478 in-

120 3610 121 3614 *
257 3523 398 3606 sequitur
415 3543 501 3603 pun,
526 3525 582 3586 aut
610 3520 727 3607 aliquid
755 3523 919 3587 turbatum
942 3524 1046 3588 estin
1068 3523 1178 3588 ordine
1201 3523 1391 3609 glossarum,

257 3643 313 3696 aut
339 3639 468 3698 saeviter
494 3655 559 3697 non
582 3653 599 3696 6
627 3653 656 3696 v.
684 3633 766 3696 1060
793 3637 993 3717 excerptum,
1028 3634 1083 3697 sed
1112 3655 1150 3698 ex
1177 3634 1223 3699 sis
1250 3635 1393 3700 versibus

256 3764 333 3827 quos
360 3747 435 3827 post
463 3743 525 3807 879
558 3743 759 3807 intercidisse
790 3744 968 3827 suspicatus
997 3767 1067 3810 sum
1095 3744 1222 3830 Proleg.
1245 3769 1278 3830 p.
1304 3745 1391 3811 XXl.

323 4033 347 4101 t)
370 4033 429 4087 Nisi
446 4033 485 4088 sie
502 4033 595 4103 potius
617 4031 855 4106 transponendum
873 4039 927 4091 est:
964 4035 1085 4095 Ve'rtum
1103 4037 1177 4097 udde
1195 4039 1393 4098 1116616666

256 4131 312 4184 inm
330 4129 426 4184 hercle
444 4145 493 4197 666
512 4127 674 4186 16116166
692 4129 801 4220 offatim
819 4135 974 4200 confinium.
1010 4129 1066 4186 Vbi
1090 4133 1228 4203 officiam,
1259 4133 1333 4202 quod
1351 4137 1394 4189 est

255 4219 285 4273 in
302 4218 444 4285 Palatinis,
463 4226 617 4275 correctum
636 4224 678 4275 est
695 4237 710 4274 e
728 4239 753 4276 v.
773 4227 814 4276 64.

322 4313 363 4382 *ἢ
386 4313 418 4367 ln
440 4313 545 4368 eisdem
566 4312 644 4368 libris
662 4321 704 4368 est
726 4333 806 4384 quem
824 4335 874 4385 eqo
892 4319 1001 4388 offatim
1018 4321 1142 4388 (affatim
1161 4320 1237 4390 Deo.)
1262 4325 1318 4378 iom
1336 4326 1392 4380 1661

255 4409 310 4464 iam
329 4409 510 4476 concipilubo.
