<?xml version="1.0" encoding="UTF-8"?>
<!DOCTYPE html PUBLIC "-//W3C//DTD XHTML 1.0 Transitional//EN"
    "http://www.w3.org/TR/xhtml1/DTD/xhtml1-transitional.dtd">
<html xmlns="http://www.w3.org/1999/xhtml" xml:lang="en" lang="en">
 <head>
  <title>
</title>
<meta http-equiv="Content-Type" content="text/html;charset=utf-8" />
  <meta name='ocr-system' content='tesseract 3.04.00' />
  <meta name='ocr-capabilities' content='ocr_page ocr_carea ocr_par ocr_line ocrx_word'/>
</head>
<body>
  <div class='ocr_page' id='page_1' title='image "./fridericiritsch10wachgoog/fridericiritsch10wachgoog_0438.png"; bbox 0 0 3300 5102; ppageno 0'>
   <div class='ocr_carea' id='block_1_1' title="bbox 657 345 1393 412">
    <p class='ocr_par' dir='ltr' id='par_1_1' title="bbox 657 345 1393 412">
     <span class='ocr_line' id='line_1_1' title="bbox 657 345 1393 412; baseline 0.003 -2"><span class='ocrx_word' id='word_1_1' title='bbox 657 363 789 412; x_wconf 74' lang='grc'><strong>1111111</strong></span> <span class='ocrx_word' id='word_1_2' title='bbox 812 362 989 412; x_wconf 73' lang='lat' dir='ltr'><strong>enoarosc</strong></span> <span class='ocrx_word' id='word_1_3' title='bbox 1330 345 1393 412; x_wconf 80' lang='lat'><strong>407</strong></span> 
     </span>
    </p>
   </div>
   <div class='ocr_carea' id='block_1_2' title="bbox 251 517 1394 1155">
    <p class='ocr_par' dir='ltr' id='par_1_2' title="bbox 251 517 1394 1155">
     <span class='ocr_line' id='line_1_2' title="bbox 252 517 1393 604; baseline 0.004 -26"><span class='ocrx_word' id='word_1_4' title='bbox 252 523 354 581; x_wconf 74' lang='lat' dir='ltr'><strong>conire</strong></span> <span class='ocrx_word' id='word_1_5' title='bbox 380 522 560 582; x_wconf 81' lang='lat' dir='ltr'><strong>amantibus.</strong></span> <span class='ocrx_word' id='word_1_6' title='bbox 606 517 751 604; x_wconf 80' lang='lat' dir='ltr'><strong>Apparet</strong></span> <span class='ocrx_word' id='word_1_7' title='bbox 780 520 837 581; x_wconf 88' lang='lat' dir='ltr'><strong>aut</strong></span> <span class='ocrx_word' id='word_1_8' title='bbox 857 523 941 583; x_wconf 80' lang='lat' dir='ltr'><strong>coire</strong></span> <span class='ocrx_word' id='word_1_9' title='bbox 962 519 1018 581; x_wconf 89' lang='lat' dir='ltr'><strong>aut</strong></span> <span class='ocrx_word' id='word_1_10' title='bbox 1046 523 1246 583; x_wconf 80' lang='lat' dir='ltr'><strong>convenires</strong></span> <span class='ocrx_word' id='word_1_11' title='bbox 1274 517 1393 603; x_wconf 82' lang='lat' dir='ltr'><strong>glosse-</strong></span> 
     </span>
     <span class='ocr_line' id='line_1_3' title="bbox 252 627 1393 712; baseline 0.003 -21"><span class='ocrx_word' id='word_1_12' title='bbox 252 631 337 692; x_wconf 88' lang='lat' dir='ltr'><strong>mate</strong></span> <span class='ocrx_word' id='word_1_13' title='bbox 359 630 472 691; x_wconf 90' lang='lat' dir='ltr'><strong>ortum.</strong></span> <span class='ocrx_word' id='word_1_14' title='bbox 500 627 544 692; x_wconf 82' lang='lat' dir='ltr'><strong>Et</strong></span> <span class='ocrx_word' id='word_1_15' title='bbox 566 635 648 694; x_wconf 79' lang='lat' dir='ltr'><strong>coire</strong></span> <span class='ocrx_word' id='word_1_16' title='bbox 670 628 796 712; x_wconf 89' lang='lat' dir='ltr'><strong>quidem</strong></span> <span class='ocrx_word' id='word_1_17' title='bbox 818 628 949 693; x_wconf 90' lang='lat' dir='ltr'><strong>omniuo</strong></span> <span class='ocrx_word' id='word_1_18' title='bbox 969 650 1084 712; x_wconf 89' lang='lat' dir='ltr'><strong>parum</strong></span> <span class='ocrx_word' id='word_1_19' title='bbox 1105 629 1258 693; x_wconf 87' lang='lat' dir='ltr'><strong>usitatum</strong></span> <span class='ocrx_word' id='word_1_20' title='bbox 1279 627 1393 694; x_wconf 87' lang='lat' dir='ltr'><strong>Plauto</strong></span> 
     </span>
     <span class='ocr_line' id='line_1_4' title="bbox 251 738 1394 805; baseline 0.002 -3"><span class='ocrx_word' id='word_1_21' title='bbox 251 738 440 804; x_wconf 84' lang='lat' dir='ltr'><strong>vocabulum</strong></span> <span class='ocrx_word' id='word_1_22' title='bbox 468 741 534 803; x_wconf 90' lang='lat' dir='ltr'><strong>est:</strong></span> <span class='ocrx_word' id='word_1_23' title='bbox 572 739 611 802; x_wconf 89' lang='lat' dir='ltr'><strong>ad</strong></span> <span class='ocrx_word' id='word_1_24' title='bbox 639 738 783 803; x_wconf 90' lang='lat' dir='ltr'><strong>Plautini</strong></span> <span class='ocrx_word' id='word_1_25' title='bbox 819 743 925 804; x_wconf 82' lang='lat' dir='ltr'><strong>autam</strong></span> <span class='ocrx_word' id='word_1_26' title='bbox 961 740 1116 805; x_wconf 89' lang='lat' dir='ltr'><strong>sermonis</strong></span> <span class='ocrx_word' id='word_1_27' title='bbox 1153 738 1394 804; x_wconf 88' lang='lat' dir='ltr'><strong>similitudinem</strong></span> 
     </span>
     <span class='ocr_line' id='line_1_5' title="bbox 252 849 1391 936; baseline 0.002 -23"><span class='ocrx_word' id='word_1_28' title='bbox 252 849 364 914; x_wconf 91' lang='lat' dir='ltr'><strong>horum</strong></span> <span class='ocrx_word' id='word_1_29' title='bbox 387 853 549 914; x_wconf 87' lang='lat' dir='ltr'><strong>auctorem</strong></span> <span class='ocrx_word' id='word_1_30' title='bbox 571 853 833 935; x_wconf 84' lang='lat' dir='ltr'><strong>argumentorum</strong></span> <span class='ocrx_word' id='word_1_31' title='bbox 850 849 958 915; x_wconf 87' lang='lat' dir='ltr'><strong>dedita</strong></span> <span class='ocrx_word' id='word_1_32' title='bbox 972 872 1070 936; x_wconf 86' lang='lat' dir='ltr'><strong>opera</strong></span> <span class='ocrx_word' id='word_1_33' title='bbox 1084 872 1152 916; x_wconf 87' lang='lat' dir='ltr'><strong>sese</strong></span> <span class='ocrx_word' id='word_1_34' title='bbox 1167 850 1391 935; x_wconf 82' lang='lat' dir='ltr'><strong>composuisse,</strong></span> 
     </span>
     <span class='ocr_line' id='line_1_6' title="bbox 251 959 1392 1045; baseline 0.003 -22"><span class='ocrx_word' id='word_1_35' title='bbox 251 959 283 1023; x_wconf 90' lang='lat' dir='ltr'><strong>id</strong></span> <span class='ocrx_word' id='word_1_36' title='bbox 306 965 390 1026; x_wconf 87' lang='lat' dir='ltr'><strong>certe</strong></span> <span class='ocrx_word' id='word_1_37' title='bbox 414 963 503 1026; x_wconf 81' lang='lat' dir='ltr'><strong>extra</strong></span> <span class='ocrx_word' id='word_1_38' title='bbox 527 962 775 1027; x_wconf 85' lang='lat' dir='ltr'><strong>controversiam</strong></span> <span class='ocrx_word' id='word_1_39' title='bbox 794 961 934 1045; x_wconf 89' lang='lat' dir='ltr'><strong>positum</strong></span> <span class='ocrx_word' id='word_1_40' title='bbox 956 963 1014 1026; x_wconf 90' lang='lat' dir='ltr'><strong>est.</strong></span> <span class='ocrx_word' id='word_1_41' title='bbox 1060 961 1162 1028; x_wconf 84' lang='lat' dir='ltr'><strong>Semel</strong></span> <span class='ocrx_word' id='word_1_42' title='bbox 1189 964 1318 1026; x_wconf 87' lang='lat' dir='ltr'><strong>tantum</strong></span> <span class='ocrx_word' id='word_1_43' title='bbox 1338 962 1392 1026; x_wconf 91' lang='lat' dir='ltr'><strong>ille</strong></span> 
     </span>
     <span class='ocr_line' id='line_1_7' title="bbox 251 1071 764 1155; baseline 0.002 -20"><span class='ocrx_word' id='word_1_44' title='bbox 251 1073 418 1155; x_wconf 81' lang='lat' dir='ltr'><strong>usurpavit</strong></span> <span class='ocrx_word' id='word_1_45' title='bbox 439 1071 577 1136; x_wconf 88' lang='lat' dir='ltr'><strong>Mostell.</strong></span> <span class='ocrx_word' id='word_1_46' title='bbox 600 1071 627 1155; x_wconf 92' lang='lat' dir='ltr'><strong>I,</strong></span> <span class='ocrx_word' id='word_1_47' title='bbox 650 1072 682 1155; x_wconf 87' lang='grc'><strong>4,</strong></span> <span class='ocrx_word' id='word_1_48' title='bbox 710 1073 764 1136; x_wconf 83' lang='lat'><strong>14:</strong></span> 
     </span>
    </p>
   </div>
   <div class='ocr_carea' id='block_1_3' title="bbox 425 1213 1224 1374">
    <p class='ocr_par' dir='ltr' id='par_1_3' title="bbox 425 1213 1224 1374">
     <span class='ocr_line' id='line_1_8' title="bbox 425 1213 1099 1289; baseline 0.003 -17"><span class='ocrx_word' id='word_1_49' title='bbox 425 1215 495 1273; x_wconf 76' lang='lat' dir='ltr'><strong>cave</strong></span> <span class='ocrx_word' id='word_1_50' title='bbox 517 1213 617 1286; x_wconf 87' lang='lat' dir='ltr'><strong>mode,</strong></span> <span class='ocrx_word' id='word_1_51' title='bbox 640 1217 679 1272; x_wconf 84' lang='grc'><strong>11</strong></span> <span class='ocrx_word' id='word_1_52' title='bbox 700 1214 783 1289; x_wconf 87' lang='lat' dir='ltr'><strong>prius</strong></span> <span class='ocrx_word' id='word_1_53' title='bbox 806 1219 838 1273; x_wconf 87' lang='lat' dir='ltr'><strong>in</strong></span> <span class='ocrx_word' id='word_1_54' title='bbox 860 1215 908 1274; x_wconf 84' lang='lat' dir='ltr'><strong>via</strong></span> <span class='ocrx_word' id='word_1_55' title='bbox 934 1215 1099 1289; x_wconf 80' lang='lat' dir='ltr'><strong>accumbas,</strong></span> 
     </span>
     <span class='ocr_line' id='line_1_9' title="bbox 425 1299 1224 1374; baseline 0.001 -16"><span class='ocrx_word' id='word_1_56' title='bbox 425 1319 515 1374; x_wconf 85' lang='lat' dir='ltr'><strong>quam</strong></span> <span class='ocrx_word' id='word_1_57' title='bbox 536 1299 591 1373; x_wconf 88' lang='lat' dir='ltr'><strong>ssli,</strong></span> <span class='ocrx_word' id='word_1_58' title='bbox 614 1299 667 1358; x_wconf 93' lang='lat' dir='ltr'><strong>ubi</strong></span> <span class='ocrx_word' id='word_1_59' title='bbox 689 1299 784 1360; x_wconf 77' lang='lat' dir='ltr'><strong>lectus</strong></span> <span class='ocrx_word' id='word_1_60' title='bbox 807 1305 852 1360; x_wconf 88' lang='lat' dir='ltr'><strong>est</strong></span> <span class='ocrx_word' id='word_1_61' title='bbox 874 1301 996 1374; x_wconf 79' lang='lat' dir='ltr'><strong>strttus,</strong></span> <span class='ocrx_word' id='word_1_62' title='bbox 1018 1318 1073 1360; x_wconf 88' lang='lat' dir='ltr'><strong>nos</strong></span> <span class='ocrx_word' id='word_1_63' title='bbox 1096 1302 1224 1361; x_wconf 79' lang='lat' dir='ltr'><strong>coimus:</strong></span> 
     </span>
    </p>
   </div>
   <div class='ocr_carea' id='block_1_4' title="bbox 251 1427 1246 1516">
    <p class='ocr_par' dir='ltr' id='par_1_4' title="bbox 251 1427 1246 1516">
     <span class='ocr_line' id='line_1_10' title="bbox 251 1427 1246 1516; baseline 0.003 -23"><span class='ocrx_word' id='word_1_64' title='bbox 251 1430 292 1494; x_wconf 84' lang='lat' dir='ltr'><strong>cf.</strong></span> <span class='ocrx_word' id='word_1_65' title='bbox 315 1429 496 1494; x_wconf 85' lang='lat' dir='ltr'><strong>Hermauni</strong></span> <span class='ocrx_word' id='word_1_66' title='bbox 517 1427 687 1494; x_wconf 80' lang='lat' dir='ltr'><strong>Elementa</strong></span> <span class='ocrx_word' id='word_1_67' title='bbox 707 1453 739 1516; x_wconf 88' lang='lat' dir='ltr'><strong>p.</strong></span> <span class='ocrx_word' id='word_1_68' title='bbox 762 1431 839 1496; x_wconf 85' lang='lat'><strong>213:</strong></span> <span class='ocrx_word' id='word_1_69' title='bbox 861 1453 938 1496; x_wconf 90' lang='lat' dir='ltr'><strong>nam</strong></span> <span class='ocrx_word' id='word_1_70' title='bbox 960 1429 1045 1496; x_wconf 91' lang='lat' dir='ltr'><strong>Men.</strong></span> <span class='ocrx_word' id='word_1_71' title='bbox 1068 1430 1109 1514; x_wconf 88' lang='lat' dir='ltr'><strong>V,</strong></span> <span class='ocrx_word' id='word_1_72' title='bbox 1135 1431 1165 1516; x_wconf 85' lang='lat'><strong>9,</strong></span> <span class='ocrx_word' id='word_1_73' title='bbox 1188 1431 1246 1506; x_wconf 84' lang='lat'><strong>46:</strong></span> 
     </span>
    </p>
   </div>
   <div class='ocr_carea' id='block_1_5' title="bbox 312 1572 1306 1651">
    <p class='ocr_par' dir='ltr' id='par_1_5' title="bbox 312 1572 1306 1651">
     <span class='ocr_line' id='line_1_11' title="bbox 312 1572 1306 1651; baseline 0.003 -20"><span class='ocrx_word' id='word_1_74' title='bbox 312 1572 449 1648; x_wconf 75' lang='lat' dir='ltr'><strong>possum:</strong></span> <span class='ocrx_word' id='word_1_75' title='bbox 473 1573 525 1632; x_wconf 87' lang='lat' dir='ltr'><strong>scd</strong></span> <span class='ocrx_word' id='word_1_76' title='bbox 546 1591 626 1631; x_wconf 91' lang='lat' dir='ltr'><strong>nunc</strong></span> <span class='ocrx_word' id='word_1_77' title='bbox 647 1573 729 1650; x_wconf 71' lang='lat' dir='ltr'><strong>legite</strong></span> <span class='ocrx_word' id='word_1_78' title='bbox 751 1573 877 1650; x_wconf 87' lang='lat' dir='ltr'><strong>uterque</strong></span> <span class='ocrx_word' id='word_1_79' title='bbox 899 1574 940 1648; x_wconf 90' lang='lat' dir='ltr'><strong>id,</strong></span> <span class='ocrx_word' id='word_1_80' title='bbox 965 1573 1046 1650; x_wconf 76' lang='lat' dir='ltr'><strong>quod</strong></span> <span class='ocrx_word' id='word_1_81' title='bbox 1066 1575 1191 1651; x_wconf 85' lang='lat' dir='ltr'><strong>rogabo,</strong></span> <span class='ocrx_word' id='word_1_82' title='bbox 1215 1573 1306 1634; x_wconf 79' lang='lat' dir='ltr'><strong>dieite</strong></span> 
     </span>
    </p>
   </div>
   <div class='ocr_carea' id='block_1_6' title="bbox 248 1702 1391 1900">
    <p class='ocr_par' dir='ltr' id='par_1_6' title="bbox 248 1702 1391 1900">
     <span class='ocr_line' id='line_1_12' title="bbox 248 1702 1390 1788; baseline 0.003 -21"><span class='ocrx_word' id='word_1_83' title='bbox 248 1703 332 1786; x_wconf 90' lang='lat' dir='ltr'><strong>quod</strong></span> <span class='ocrx_word' id='word_1_84' title='bbox 353 1702 503 1787; x_wconf 84' lang='lat' dir='ltr'><strong>vulgatur</strong></span> <span class='ocrx_word' id='word_1_85' title='bbox 523 1711 601 1770; x_wconf 74' lang='lat' dir='ltr'><strong>coire</strong></span> <span class='ocrx_word' id='word_1_86' title='bbox 622 1725 680 1788; x_wconf 91' lang='lat' dir='ltr'><strong>pro</strong></span> <span class='ocrx_word' id='word_1_87' title='bbox 702 1709 794 1787; x_wconf 72' lang='lat' dir='ltr'><strong>cpite,</strong></span> <span class='ocrx_word' id='word_1_88' title='bbox 817 1703 851 1767; x_wconf 90' lang='lat' dir='ltr'><strong>id</strong></span> <span class='ocrx_word' id='word_1_89' title='bbox 873 1725 890 1769; x_wconf 90' lang='lat' dir='ltr'><strong>e</strong></span> <span class='ocrx_word' id='word_1_90' title='bbox 912 1703 978 1769; x_wconf 90' lang='lat' dir='ltr'><strong>solo</strong></span> <span class='ocrx_word' id='word_1_91' title='bbox 993 1703 1111 1770; x_wconf 86' lang='lat' dir='ltr'><strong>Vetere</strong></span> <span class='ocrx_word' id='word_1_92' title='bbox 1135 1705 1241 1770; x_wconf 88' lang='lat' dir='ltr'><strong>codice</strong></span> <span class='ocrx_word' id='word_1_93' title='bbox 1262 1703 1390 1770; x_wconf 85' lang='lat' dir='ltr'><strong>Gruteri</strong></span> 
     </span>
     <span class='ocr_line' id='line_1_13' title="bbox 248 1815 1391 1900; baseline 0.004 -24"><span class='ocrx_word' id='word_1_94' title='bbox 248 1835 344 1878; x_wconf 89' lang='lat' dir='ltr'><strong>suasu</strong></span> <span class='ocrx_word' id='word_1_95' title='bbox 370 1818 534 1899; x_wconf 88' lang='lat' dir='ltr'><strong>receptum</strong></span> <span class='ocrx_word' id='word_1_96' title='bbox 562 1818 611 1880; x_wconf 86' lang='lat' dir='ltr'><strong>est</strong></span> <span class='ocrx_word' id='word_1_97' title='bbox 638 1836 675 1879; x_wconf 86' lang='lat' dir='ltr'><strong>eo</strong></span> <span class='ocrx_word' id='word_1_98' title='bbox 696 1815 892 1900; x_wconf 88' lang='lat' dir='ltr'><strong>perversius,</strong></span> <span class='ocrx_word' id='word_1_99' title='bbox 922 1815 1005 1899; x_wconf 90' lang='lat' dir='ltr'><strong>quod</strong></span> <span class='ocrx_word' id='word_1_100' title='bbox 1032 1838 1051 1878; x_wconf 90' lang='lat' dir='ltr'><strong>a</strong></span> <span class='ocrx_word' id='word_1_101' title='bbox 1078 1815 1183 1899; x_wconf 88' lang='lat' dir='ltr'><strong>prima</strong></span> <span class='ocrx_word' id='word_1_102' title='bbox 1207 1838 1306 1881; x_wconf 87' lang='lat' dir='ltr'><strong>manu</strong></span> <span class='ocrx_word' id='word_1_103' title='bbox 1326 1816 1391 1881; x_wconf 89' lang='lat' dir='ltr'><strong>fuit</strong></span> 
     </span>
    </p>
   </div>
   <div class='ocr_carea' id='block_1_7' title="bbox 247 1925 1389 2121">
    <p class='ocr_par' dir='ltr' id='par_1_7' title="bbox 247 1925 1389 2121">
     <span class='ocr_line' id='line_1_14' title="bbox 247 1925 1389 2012; baseline 0.003 -23"><span class='ocrx_word' id='word_1_104' title='bbox 247 1932 359 2008; x_wconf 68' lang='lat' dir='ltr'><strong>coque,</strong></span> <span class='ocrx_word' id='word_1_105' title='bbox 391 1928 507 1998; x_wconf 87' lang='lat' dir='ltr'><strong>natum</strong></span> <span class='ocrx_word' id='word_1_106' title='bbox 539 1925 618 1990; x_wconf 83' lang='lat' dir='ltr'><strong>illud</strong></span> <span class='ocrx_word' id='word_1_107' title='bbox 651 1947 668 1990; x_wconf 84' lang='lat' dir='ltr'><strong>c</strong></span> <span class='ocrx_word' id='word_1_108' title='bbox 700 1925 844 2010; x_wconf 86' lang='lat' dir='ltr'><strong>proximo</strong></span> <span class='ocrx_word' id='word_1_109' title='bbox 875 1947 976 1992; x_wconf 84' lang='lat' dir='ltr'><strong>nunc.</strong></span> <span class='ocrx_word' id='word_1_110' title='bbox 1022 1925 1158 1991; x_wconf 75' lang='lat' dir='ltr'><strong>Accedit</strong></span> <span class='ocrx_word' id='word_1_111' title='bbox 1184 1927 1267 2011; x_wconf 89' lang='lat' dir='ltr'><strong>quod</strong></span> <span class='ocrx_word' id='word_1_112' title='bbox 1288 1927 1389 2012; x_wconf 86' lang='lat' dir='ltr'><strong>ipsius</strong></span> 
     </span>
     <span class='ocr_line' id='line_1_15' title="bbox 250 2035 689 2121; baseline 0.005 -23"><span class='ocrx_word' id='word_1_113' title='bbox 250 2035 364 2100; x_wconf 86' lang='lat' dir='ltr'><strong>Militis</strong></span> <span class='ocrx_word' id='word_1_114' title='bbox 386 2035 429 2120; x_wconf 90' lang='lat' dir='ltr'><strong>II,</strong></span> <span class='ocrx_word' id='word_1_115' title='bbox 455 2038 483 2120; x_wconf 92' lang='lat'><strong>1,</strong></span> <span class='ocrx_word' id='word_1_116' title='bbox 507 2037 547 2102; x_wconf 90' lang='lat'><strong>61</strong></span> <span class='ocrx_word' id='word_1_117' title='bbox 570 2036 689 2121; x_wconf 84' lang='lat' dir='ltr'><strong>legitur</strong></span> 
     </span>
    </p>
   </div>
   <div class='ocr_carea' id='block_1_8' title="bbox 410 2178 1218 2254">
    <p class='ocr_par' dir='ltr' id='par_1_8' title="bbox 410 2178 1218 2254">
     <span class='ocr_line' id='line_1_16' title="bbox 410 2178 1218 2254; baseline 0.001 -17"><span class='ocrx_word' id='word_1_118' title='bbox 410 2178 462 2254; x_wconf 90' lang='lat' dir='ltr'><strong>qui</strong></span> <span class='ocrx_word' id='word_1_119' title='bbox 484 2178 612 2238; x_wconf 74' lang='lat' dir='ltr'><strong>amantis</strong></span> <span class='ocrx_word' id='word_1_120' title='bbox 635 2198 694 2237; x_wconf 88' lang='lat' dir='ltr'><strong>una</strong></span> <span class='ocrx_word' id='word_1_121' title='bbox 715 2179 796 2238; x_wconf 78' lang='lat' dir='ltr'><strong>intbr</strong></span> <span class='ocrx_word' id='word_1_122' title='bbox 817 2199 847 2239; x_wconf 88' lang='lat' dir='ltr'><strong>ee</strong></span> <span class='ocrx_word' id='word_1_123' title='bbox 870 2179 997 2238; x_wconf 86' lang='lat' dir='ltr'><strong>facerem</strong></span> <span class='ocrx_word' id='word_1_124' title='bbox 1019 2179 1218 2239; x_wconf 77' lang='lat' dir='ltr'><strong>convenas.</strong></span> 
     </span>
    </p>
   </div>
   <div class='ocr_carea' id='block_1_9' title="bbox 238 2309 1413 3836">
    <p class='ocr_par' dir='ltr' id='par_1_9' title="bbox 242 2309 1388 2946">
     <span class='ocr_line' id='line_1_17' title="bbox 244 2309 1388 2395; baseline 0.004 -22"><span class='ocrx_word' id='word_1_125' title='bbox 244 2309 356 2394; x_wconf 88' lang='lat' dir='ltr'><strong>ltaque</strong></span> <span class='ocrx_word' id='word_1_126' title='bbox 383 2309 410 2373; x_wconf 92' lang='lat' dir='ltr'><strong>si</strong></span> <span class='ocrx_word' id='word_1_127' title='bbox 437 2315 520 2374; x_wconf 76' lang='lat' dir='ltr'><strong>coire</strong></span> <span class='ocrx_word' id='word_1_128' title='bbox 546 2309 653 2393; x_wconf 90' lang='lat' dir='ltr'><strong>potius</strong></span> <span class='ocrx_word' id='word_1_129' title='bbox 675 2332 771 2394; x_wconf 90' lang='lat' dir='ltr'><strong>quam</strong></span> <span class='ocrx_word' id='word_1_130' title='bbox 792 2318 953 2375; x_wconf 78' lang='lat' dir='ltr'><strong>convenire</strong></span> <span class='ocrx_word' id='word_1_131' title='bbox 973 2310 1149 2376; x_wconf 88' lang='lat' dir='ltr'><strong>insiticium</strong></span> <span class='ocrx_word' id='word_1_132' title='bbox 1172 2311 1223 2395; x_wconf 88' lang='lat' dir='ltr'><strong>sit,</strong></span> <span class='ocrx_word' id='word_1_133' title='bbox 1255 2311 1388 2378; x_wconf 86' lang='lat' dir='ltr'><strong>circum-</strong></span> 
     </span>
     <span class='ocr_line' id='line_1_18' title="bbox 244 2419 1386 2507; baseline 0.005 -23"><span class='ocrx_word' id='word_1_134' title='bbox 244 2419 443 2504; x_wconf 90' lang='lat' dir='ltr'><strong>spiciendum</strong></span> <span class='ocrx_word' id='word_1_135' title='bbox 465 2419 584 2504; x_wconf 86' lang='lat' dir='ltr'><strong>aliquid</strong></span> <span class='ocrx_word' id='word_1_136' title='bbox 606 2442 667 2505; x_wconf 92' lang='lat' dir='ltr'><strong>quo</strong></span> <span class='ocrx_word' id='word_1_137' title='bbox 689 2421 784 2485; x_wconf 88' lang='lat' dir='ltr'><strong>unius</strong></span> <span class='ocrx_word' id='word_1_138' title='bbox 800 2421 941 2506; x_wconf 82' lang='lat' dir='ltr'>syllabae</span> <span class='ocrx_word' id='word_1_139' title='bbox 963 2421 1079 2487; x_wconf 84' lang='lat' dir='ltr'><strong>lacuna</strong></span> <span class='ocrx_word' id='word_1_140' title='bbox 1099 2423 1274 2507; x_wconf 72' lang='lat' dir='ltr'><strong>expleatur.</strong></span> <span class='ocrx_word' id='word_1_141' title='bbox 1305 2423 1386 2490; x_wconf 80' lang='lat' dir='ltr'><strong>(lon-</strong></span> 
     </span>
     <span class='ocr_line' id='line_1_19' title="bbox 242 2521 1386 2618; baseline 0.004 -23"><span class='ocrx_word' id='word_1_142' title='bbox 242 2531 388 2596; x_wconf 90' lang='lat' dir='ltr'><strong>iunctum</strong></span> <span class='ocrx_word' id='word_1_143' title='bbox 411 2533 518 2594; x_wconf 88' lang='lat' dir='ltr'><strong>autem</strong></span> <span class='ocrx_word' id='word_1_144' title='bbox 539 2527 599 2594; x_wconf 91' lang='lat' dir='ltr'><strong>hoc</strong></span> <span class='ocrx_word' id='word_1_145' title='bbox 622 2521 690 2595; x_wconf 81' lang='lat' dir='ltr'><strong>esse</strong></span> <span class='ocrx_word' id='word_1_146' title='bbox 712 2553 784 2596; x_wconf 86' lang='lat' dir='ltr'><strong>oum</strong></span> <span class='ocrx_word' id='word_1_147' title='bbox 810 2553 918 2597; x_wconf 90' lang='lat' dir='ltr'><strong>eorum</strong></span> <span class='ocrx_word' id='word_1_148' title='bbox 940 2533 993 2618; x_wconf 91' lang='lat' dir='ltr'><strong>qui</strong></span> <span class='ocrx_word' id='word_1_149' title='bbox 1021 2534 1216 2618; x_wconf 86' lang='lat' dir='ltr'><strong>antecedunt</strong></span> <span class='ocrx_word' id='word_1_150' title='bbox 1237 2555 1386 2600; x_wconf 88' lang='lat' dir='ltr'><strong>versuum</strong></span> 
     </span>
     <span class='ocr_line' id='line_1_20' title="bbox 244 2641 1383 2731; baseline 0.004 -25"><span class='ocrx_word' id='word_1_151' title='bbox 244 2641 424 2726; x_wconf 75' lang='lat' dir='ltr'><strong>corruptela</strong></span> <span class='ocrx_word' id='word_1_152' title='bbox 445 2641 492 2706; x_wconf 89' lang='lat' dir='ltr'><strong>ita</strong></span> <span class='ocrx_word' id='word_1_153' title='bbox 504 2641 637 2726; x_wconf 83' lang='lat' dir='ltr'><strong>videtur,</strong></span> <span class='ocrx_word' id='word_1_154' title='bbox 660 2645 696 2706; x_wconf 92' lang='lat' dir='ltr'><strong>ut</strong></span> <span class='ocrx_word' id='word_1_155' title='bbox 716 2643 892 2708; x_wconf 84' lang='lat' dir='ltr'><strong>communis</strong></span> <span class='ocrx_word' id='word_1_156' title='bbox 907 2644 1165 2709; x_wconf 88' lang='lat' dir='ltr'><strong>membranarum</strong></span> <span class='ocrx_word' id='word_1_157' title='bbox 1186 2644 1274 2710; x_wconf 86' lang='lat' dir='ltr'><strong>labes</strong></span> <span class='ocrx_word' id='word_1_158' title='bbox 1290 2667 1383 2731; x_wconf 88' lang='lat' dir='ltr'><strong>quae-</strong></span> 
     </span>
     <span class='ocr_line' id='line_1_21' title="bbox 243 2751 1383 2838; baseline 0.005 -22"><span class='ocrx_word' id='word_1_159' title='bbox 243 2751 315 2817; x_wconf 88' lang='lat' dir='ltr'><strong>dam</strong></span> <span class='ocrx_word' id='word_1_160' title='bbox 338 2753 378 2816; x_wconf 86' lang='lat' dir='ltr'><strong>ad</strong></span> <span class='ocrx_word' id='word_1_161' title='bbox 399 2774 497 2816; x_wconf 89' lang='lat' dir='ltr'><strong>unam</strong></span> <span class='ocrx_word' id='word_1_162' title='bbox 513 2752 707 2837; x_wconf 87' lang='lat' dir='ltr'><strong>eandemque</strong></span> <span class='ocrx_word' id='word_1_163' title='bbox 729 2756 855 2838; x_wconf 85' lang='lat' dir='ltr'><strong>partem</strong></span> <span class='ocrx_word' id='word_1_164' title='bbox 875 2754 974 2818; x_wconf 86' lang='lat' dir='ltr'><strong>trium</strong></span> <span class='ocrx_word' id='word_1_165' title='bbox 988 2777 1136 2820; x_wconf 84' lang='lat' dir='ltr'><strong>versuum</strong></span> <span class='ocrx_word' id='word_1_166' title='bbox 1160 2755 1383 2822; x_wconf 81' lang='lat' dir='ltr'><strong>continuonun</strong></span> 
     </span>
     <span class='ocr_line' id='line_1_22' title="bbox 242 2863 992 2946; baseline 0 -19"><span class='ocrx_word' id='word_1_167' title='bbox 242 2863 441 2946; x_wconf 84' lang='lat' dir='ltr'><strong>pertinuerit,</strong></span> <span class='ocrx_word' id='word_1_168' title='bbox 465 2863 497 2926; x_wconf 93' lang='grc'><strong>11.</strong></span> <span class='ocrx_word' id='word_1_169' title='bbox 522 2885 549 2927; x_wconf 86' lang='lat' dir='ltr'><strong>s.</strong></span> <span class='ocrx_word' id='word_1_170' title='bbox 574 2863 615 2927; x_wconf 89' lang='lat' dir='ltr'><strong>sd</strong></span> <span class='ocrx_word' id='word_1_171' title='bbox 636 2863 756 2928; x_wconf 88' lang='lat' dir='ltr'><strong>medios</strong></span> <span class='ocrx_word' id='word_1_172' title='bbox 777 2864 846 2928; x_wconf 84' lang='lat' dir='ltr'><strong>fere</strong></span> <span class='ocrx_word' id='word_1_173' title='bbox 868 2886 992 2929; x_wconf 86' lang='lat' dir='ltr'><strong>versus:</strong></span> 
     </span>
    </p>

    <p class='ocr_par' dir='ltr' id='par_1_10' title="bbox 403 3005 1059 3067">
     <span class='ocr_line' id='line_1_23' title="bbox 403 3005 1059 3067; baseline -0.002 -2"><span class='ocrx_word' id='word_1_174' title='bbox 403 3024 490 3065; x_wconf 88' lang='lat' dir='ltr'><strong>suurn</strong></span> <span class='ocrx_word' id='word_1_175' title='bbox 512 3005 676 3064; x_wconf 80' lang='lat' dir='ltr'><strong>arcessit-</strong></span> <span class='ocrx_word' id='word_1_176' title='bbox 698 3044 716 3062; x_wconf 61' lang='grc' dir='ltr'>ν</span> <span class='ocrx_word' id='word_1_177' title='bbox 736 3031 755 3064; x_wconf 71' lang='lat' dir='ltr'><strong>a</strong></span> <span class='ocrx_word' id='word_1_178' title='bbox 774 3006 902 3067; x_wconf 87' lang='lat' dir='ltr'><strong>Athenis</strong></span> <span class='ocrx_word' id='word_1_179' title='bbox 926 3009 956 3066; x_wconf 84' lang='grc'><strong>11</strong></span> <span class='ocrx_word' id='word_1_180' title='bbox 978 3006 1059 3065; x_wconf 88' lang='lat' dir='ltr'><strong>forat</strong></span> 
     </span>
    </p>

    <p class='ocr_par' dir='ltr' id='par_1_11' title="bbox 401 3090 1139 3166">
     <span class='ocr_line' id='line_1_24' title="bbox 401 3090 1139 3166; baseline 0.004 -18"><span class='ocrx_word' id='word_1_181' title='bbox 401 3090 529 3166; x_wconf 79' lang='lat' dir='ltr'><strong>geminis</strong></span> <span class='ocrx_word' id='word_1_182' title='bbox 552 3109 738 3150; x_wconf 89' lang='lat' dir='ltr'><strong>communem</strong></span> <span class='ocrx_word' id='word_1_183' title='bbox 759 3116 777 3146; x_wconf 67' lang='grc'><strong>1</strong></span> <span class='ocrx_word' id='word_1_184' title='bbox 796 3128 814 3146; x_wconf 58' lang='grc' dir='ltr'><em>υ</em></span> <span class='ocrx_word' id='word_1_185' title='bbox 833 3093 980 3166; x_wconf 89' lang='lat' dir='ltr'><strong>parietem</strong></span> <span class='ocrx_word' id='word_1_186' title='bbox 1003 3091 1139 3165; x_wconf 69' lang='lat' dir='ltr'><strong>aedibus,</strong></span> 
     </span>
    </p>

    <p class='ocr_par' dir='ltr' id='par_1_12' title="bbox 238 3175 1413 3836">
     <span class='ocr_line' id='line_1_25' title="bbox 401 3175 975 3236; baseline 0.005 -3"><span class='ocrx_word' id='word_1_187' title='bbox 401 3175 504 3234; x_wconf 74' lang='lat' dir='ltr'><strong>liceret</strong></span> <span class='ocrx_word' id='word_1_188' title='bbox 525 3180 561 3235; x_wconf 87' lang='lat' dir='ltr'><strong>ut</strong></span> <span class='ocrx_word' id='word_1_189' title='bbox 580 3213 598 3231; x_wconf 58' lang='grc' dir='ltr'><strong><em>υ</em></strong></span> <span class='ocrx_word' id='word_1_190' title='bbox 614 3176 771 3235; x_wconf 74' lang='lat' dir='ltr'><strong>convenire</strong></span> <span class='ocrx_word' id='word_1_191' title='bbox 793 3178 975 3236; x_wconf 80' lang='lat' dir='ltr'><strong>amtntibua</strong></span> 
     </span>
     <span class='ocr_line' id='line_1_26' title="bbox 238 3306 1413 3394; baseline 0.003 -23"><span class='ocrx_word' id='word_1_192' title='bbox 238 3306 362 3371; x_wconf 89' lang='lat' dir='ltr'><strong>Horum</strong></span> <span class='ocrx_word' id='word_1_193' title='bbox 396 3306 482 3371; x_wconf 89' lang='lat' dir='ltr'><strong>enim</strong></span> <span class='ocrx_word' id='word_1_194' title='bbox 513 3307 616 3391; x_wconf 90' lang='lat' dir='ltr'><strong>primo</strong></span> <span class='ocrx_word' id='word_1_195' title='bbox 649 3307 704 3392; x_wconf 88' lang='lat' dir='ltr'><strong>qui</strong></span> <span class='ocrx_word' id='word_1_196' title='bbox 736 3307 819 3371; x_wconf 89' lang='lat' dir='ltr'><strong>nihil</strong></span> <span class='ocrx_word' id='word_1_197' title='bbox 850 3310 1018 3392; x_wconf 87' lang='lat' dir='ltr'><strong>peccatum</strong></span> <span class='ocrx_word' id='word_1_198' title='bbox 1040 3329 1076 3372; x_wconf 85' lang='lat' dir='ltr'><strong>oo</strong></span> <span class='ocrx_word' id='word_1_199' title='bbox 1098 3307 1178 3392; x_wconf 86' lang='lat' dir='ltr'><strong>loco,</strong></span> <span class='ocrx_word' id='word_1_200' title='bbox 1206 3331 1268 3394; x_wconf 91' lang='lat' dir='ltr'><strong>quo</strong></span> <span class='ocrx_word' id='word_1_201' title='bbox 1290 3326 1413 3375; x_wconf 82' lang='lat' dir='ltr'><strong>nuncv</strong></span> 
     </span>
     <span class='ocr_line' id='line_1_27' title="bbox 238 3417 1380 3506; baseline 0.004 -25"><span class='ocrx_word' id='word_1_202' title='bbox 238 3423 343 3483; x_wconf 84' lang='lat' dir='ltr'><strong>berum</strong></span> <span class='ocrx_word' id='word_1_203' title='bbox 365 3417 493 3502; x_wconf 82' lang='lat' dir='ltr'><strong>legitur,</strong></span> <span class='ocrx_word' id='word_1_204' title='bbox 518 3417 729 3502; x_wconf 87' lang='lat' dir='ltr'><strong>crediderunt,</strong></span> <span class='ocrx_word' id='word_1_205' title='bbox 753 3440 820 3483; x_wconf 89' lang='lat' dir='ltr'><strong>non</strong></span> <span class='ocrx_word' id='word_1_206' title='bbox 841 3421 1015 3503; x_wconf 85' lang='lat' dir='ltr'><strong>potuerunt</strong></span> <span class='ocrx_word' id='word_1_207' title='bbox 1036 3419 1114 3505; x_wconf 86' lang='lat' dir='ltr'><strong>quin</strong></span> <span class='ocrx_word' id='word_1_208' title='bbox 1129 3421 1380 3506; x_wconf 80' lang='lat' dir='ltr'><strong>autpessimum</strong></span> 
     </span>
     <span class='ocr_line' id='line_1_28' title="bbox 238 3527 1378 3617; baseline 0.004 -26"><span class='ocrx_word' id='word_1_209' title='bbox 238 3527 273 3592; x_wconf 91' lang='lat' dir='ltr'><strong>in</strong></span> <span class='ocrx_word' id='word_1_210' title='bbox 294 3527 410 3617; x_wconf 78' lang='lat' dir='ltr'><strong>ultima¹</strong></span> <span class='ocrx_word' id='word_1_211' title='bbox 428 3527 550 3611; x_wconf 82' lang='lat' dir='ltr'><strong>syllaba</strong></span> <span class='ocrx_word' id='word_1_212' title='bbox 576 3536 702 3595; x_wconf 76' lang='lat' dir='ltr'><strong>arcessit</strong></span> <span class='ocrx_word' id='word_1_213' title='bbox 731 3529 820 3594; x_wconf 88' lang='lat' dir='ltr'><strong>verbi</strong></span> <span class='ocrx_word' id='word_1_214' title='bbox 843 3533 1012 3595; x_wconf 88' lang='lat' dir='ltr'><strong>accentum</strong></span> <span class='ocrx_word' id='word_1_215' title='bbox 1033 3529 1209 3596; x_wconf 84' lang='lat' dir='ltr'><strong>tolerarent</strong></span> <span class='ocrx_word' id='word_1_216' title='bbox 1230 3535 1263 3596; x_wconf 87' lang='lat' dir='ltr'><strong>et</strong></span> <span class='ocrx_word' id='word_1_217' title='bbox 1285 3533 1378 3596; x_wconf 92' lang='lat' dir='ltr'><strong>simul</strong></span> 
     </span>
     <span class='ocr_line' id='line_1_29' title="bbox 239 3638 1379 3727; baseline 0.005 -25"><span class='ocrx_word' id='word_1_218' title='bbox 239 3639 309 3704; x_wconf 89' lang='lat' dir='ltr'><strong>aliis</strong></span> <span class='ocrx_word' id='word_1_219' title='bbox 341 3638 499 3703; x_wconf 88' lang='lat' dir='ltr'><strong>machinis</strong></span> <span class='ocrx_word' id='word_1_220' title='bbox 532 3641 698 3704; x_wconf 82' lang='lat' dir='ltr'><strong>uterentm</strong></span> <span class='ocrx_word' id='word_1_221' title='bbox 730 3644 781 3704; x_wconf 90' lang='lat' dir='ltr'><strong>sat</strong></span> <span class='ocrx_word' id='word_1_222' title='bbox 816 3641 1100 3727; x_wconf 82' lang='lat' dir='ltr'><strong>improbabilibus:</strong></span> <span class='ocrx_word' id='word_1_223' title='bbox 1139 3664 1202 3727; x_wconf 91' lang='lat' dir='ltr'><strong>quo</strong></span> <span class='ocrx_word' id='word_1_224' title='bbox 1237 3643 1379 3727; x_wconf 86' lang='lat' dir='ltr'><strong>pertinet</strong></span> 
     </span>
     <span class='ocr_line' id='line_1_30' title="bbox 239 3748 705 3836; baseline 0.002 -22"><span class='ocrx_word' id='word_1_225' title='bbox 239 3748 468 3836; x_wconf 81' lang='lat' dir='ltr'><strong>Scioppianum</strong></span> <span class='ocrx_word' id='word_1_226' title='bbox 491 3755 705 3815; x_wconf 87' lang='lat' dir='ltr'><strong>commentum</strong></span> 
     </span>
    </p>
   </div>
   <div class='ocr_carea' id='block_1_10' title="bbox 423 3893 1191 3970">
    <p class='ocr_par' dir='ltr' id='par_1_13' title="bbox 423 3893 1191 3970">
     <span class='ocr_line' id='line_1_31' title="bbox 423 3893 1191 3970; baseline 0.003 -18"><span class='ocrx_word' id='word_1_227' title='bbox 423 3911 511 3952; x_wconf 89' lang='lat' dir='ltr'><strong>suum</strong></span> <span class='ocrx_word' id='word_1_228' title='bbox 533 3893 656 3953; x_wconf 77' lang='lat' dir='ltr'><strong>arcessit</strong></span> <span class='ocrx_word' id='word_1_229' title='bbox 677 3893 781 3953; x_wconf 87' lang='lat' dir='ltr'><strong>herum</strong></span> <span class='ocrx_word' id='word_1_230' title='bbox 803 3894 932 3954; x_wconf 75' lang='lat' dir='ltr'><strong>Athenis</strong></span> <span class='ocrx_word' id='word_1_231' title='bbox 955 3895 1047 3970; x_wconf 75' lang='lat' dir='ltr'><strong>arque</strong></span> <span class='ocrx_word' id='word_1_232' title='bbox 1070 3894 1191 3969; x_wconf 78' lang='lat' dir='ltr'><strong>ecferat,</strong></span> 
     </span>
    </p>
   </div>
   <div class='ocr_carea' id='block_1_11' title="bbox 200 3978 1375 4328">
    <p class='ocr_par' dir='ltr' id='par_1_14' title="bbox 200 3978 1375 4328">
     <span class='ocr_line' id='line_1_32' title="bbox 200 3978 1375 4109; baseline 0.004 -24"><span class='ocrx_word' id='word_1_233' title='bbox 200 3978 204 3986; x_wconf 31' lang='grc' dir='ltr'>Ι</span> <span class='ocrx_word' id='word_1_234' title='bbox 236 4042 293 4106; x_wconf 90' lang='lat' dir='ltr'><strong>pro</strong></span> <span class='ocrx_word' id='word_1_235' title='bbox 315 4043 377 4108; x_wconf 93' lang='lat' dir='ltr'><strong>quo</strong></span> <span class='ocrx_word' id='word_1_236' title='bbox 399 4035 491 4102; x_wconf 80' lang='lat' dir='ltr'><strong>atque</strong></span> <span class='ocrx_word' id='word_1_237' title='bbox 512 4028 582 4088; x_wconf 82' lang='lat' dir='ltr'><strong>inde</strong></span> <span class='ocrx_word' id='word_1_238' title='bbox 603 4031 721 4105; x_wconf 75' lang='lat' dir='ltr'><strong>afferat</strong></span> <span class='ocrx_word' id='word_1_239' title='bbox 741 4023 893 4109; x_wconf 84' lang='lat' dir='ltr'><strong>Pylades,</strong></span> <span class='ocrx_word' id='word_1_240' title='bbox 927 4038 1018 4106; x_wconf 77' lang='lat' dir='ltr'><strong>atquc</strong></span> <span class='ocrx_word' id='word_1_241' title='bbox 1033 4029 1180 4107; x_wconf 76' lang='lat' dir='ltr'><strong>perforat</strong></span> <span class='ocrx_word' id='word_1_242' title='bbox 1200 4025 1375 4090; x_wconf 87' lang='lat' dir='ltr'><strong>Lambinus</strong></span> 
     </span>
     <span class='ocr_line' id='line_1_33' title="bbox 233 4132 1374 4219; baseline 0.004 -21"><span class='ocrx_word' id='word_1_243' title='bbox 233 4132 355 4217; x_wconf 92' lang='lat' dir='ltr'><strong>posuit:</strong></span> <span class='ocrx_word' id='word_1_244' title='bbox 385 4138 442 4196; x_wconf 91' lang='lat' dir='ltr'><strong>aut</strong></span> <span class='ocrx_word' id='word_1_245' title='bbox 463 4133 666 4199; x_wconf 86' lang='lat' dir='ltr'><strong>suavissimos</strong></span> <span class='ocrx_word' id='word_1_246' title='bbox 688 4132 795 4200; x_wconf 91' lang='lat' dir='ltr'><strong>hercle</strong></span> <span class='ocrx_word' id='word_1_247' title='bbox 817 4135 924 4202; x_wconf 85' lang='lat' dir='ltr'><strong>hiatus</strong></span> <span class='ocrx_word' id='word_1_248' title='bbox 947 4137 1158 4219; x_wconf 88' lang='lat' dir='ltr'><strong>cumularent,</strong></span> <span class='ocrx_word' id='word_1_249' title='bbox 1181 4140 1218 4201; x_wconf 92' lang='lat' dir='ltr'><strong>ut</strong></span> <span class='ocrx_word' id='word_1_250' title='bbox 1238 4136 1374 4202; x_wconf 88' lang='lat' dir='ltr'><strong>Paenul-</strong></span> 
     </span>
     <span class='ocr_line' id='line_1_34' title="bbox 234 4241 1045 4328; baseline 0.004 -20"><span class='ocrx_word' id='word_1_251' title='bbox 234 4245 340 4327; x_wconf 88' lang='lat' dir='ltr'><strong>timus,</strong></span> <span class='ocrx_word' id='word_1_252' title='bbox 363 4244 418 4328; x_wconf 92' lang='lat' dir='ltr'><strong>qui</strong></span> <span class='ocrx_word' id='word_1_253' title='bbox 440 4241 490 4308; x_wconf 87' lang='lat' dir='ltr'><strong>his</strong></span> <span class='ocrx_word' id='word_1_254' title='bbox 513 4244 672 4310; x_wconf 86' lang='lat' dir='ltr'><strong>auriculas</strong></span> <span class='ocrx_word' id='word_1_255' title='bbox 694 4243 859 4311; x_wconf 87' lang='lat' dir='ltr'><strong>blanditiis</strong></span> <span class='ocrx_word' id='word_1_256' title='bbox 882 4247 1045 4311; x_wconf 83' lang='lat' dir='ltr'><strong>demulsit:</strong></span> 
     </span>
    </p>
   </div>
   <div class='ocr_carea' id='block_1_12' title="bbox 422 4351 1182 4466">
    <p class='ocr_par' dir='ltr' id='par_1_15' title="bbox 422 4351 1182 4466">
     <span class='ocr_line' id='line_1_35' title="bbox 422 4351 1182 4466; baseline 0.005 -22"><span class='ocrx_word' id='word_1_257' title='bbox 422 4403 508 4445; x_wconf 89' lang='lat' dir='ltr'><strong>suum</strong></span> <span class='ocrx_word' id='word_1_258' title='bbox 530 4351 652 4446; x_wconf 60' lang='lat' dir='ltr'><strong>arctssit</strong></span> <span class='ocrx_word' id='word_1_259' title='bbox 673 4387 777 4446; x_wconf 75' lang='lat' dir='ltr'><strong>herum</strong></span> <span class='ocrx_word' id='word_1_260' title='bbox 798 4388 927 4449; x_wconf 72' lang='lat' dir='ltr'><strong>Athonis</strong></span> <span class='ocrx_word' id='word_1_261' title='bbox 953 4391 1044 4466; x_wconf 74' lang='lat' dir='ltr'><strong>sitque</strong></span> <span class='ocrx_word' id='word_1_262' title='bbox 1068 4390 1182 4450; x_wconf 80' lang='lat' dir='ltr'><strong>tfforat.</strong></span> 
     </span>
    </p>
   </div>
   <div class='ocr_carea' id='block_1_13' title="bbox 0 0 1654 5102">
    <p class='ocr_par' dir='ltr' id='par_1_16' title="bbox 0 0 1654 5102">
     <span class='ocr_line' id='line_1_36' title="bbox 0 0 1654 5102; baseline 0 2"><span class='ocrx_word' id='word_1_263' title='bbox 0 0 1654 5102; x_wconf 95' lang='lat' dir='ltr'><strong> </strong></span> 
     </span>
    </p>
   </div>
  </div>
 </body>
</html>
