3276 5082
281 299 347 362 240
624 314 846 364 oaossamvn
868 315 1081 364 enuvrmvn.

282 470 315 530 ct
338 466 550 531 Cistellariam
572 468 726 532 tractavit
748 468 905 553 integras.
950 469 1003 532 Ad
1024 469 1207 553 deperditas
1230 470 1318 534 enim
1340 491 1426 534 scae·

281 599 341 641 nas
363 576 609 660 Amphitruonis
631 584 819 644 clandestino
841 582 984 663 spectat,
1019 579 1060 644 ad
1081 579 1282 645 Cistellariae
1316 581 1426 663 deper-

282 688 367 752 ditas
390 709 500 752 omnes
522 691 589 752 tres
610 710 691 773 quae
714 689 748 752 in
771 688 962 773 glossarium
977 689 1179 754 transierunt
1193 712 1286 755 voces
1302 696 1425 755 aredius·

282 810 385 864 serius
398 806 566 863 summatim
582 805 758 878 benipaiier.
788 799 832 862 Et
847 798 1060 863 Cistellariam
1074 799 1212 883 quidem,
1236 822 1275 865 ac
1289 800 1425 864 fortasse

282 908 568 992 Amphitruonem,
607 909 667 972 etsi
696 908 881 973 Priscianus
912 931 1036 994 quoque
1068 909 1213 995 integras
1247 910 1423 994 usurpavit,

283 1023 392 1084 tamen
414 1018 615 1083 Aululariam
648 1023 681 1083 et
702 1018 879 1083 Bacchides
912 1019 996 1084 idem
1028 1019 1160 1083 mutilas
1192 1023 1230 1084 ut
1251 1042 1309 1085 nos
1332 1020 1425 1084 hodie

283 1128 411 1194 habuit:
444 1129 527 1214 quod
550 1151 652 1214 genus
675 1151 779 1214 nuper
800 1129 982 1193 accuratius
1004 1130 1165 1215 persecuti
1187 1151 1297 1195 sumus
1321 1131 1424 1194 Musei

284 1239 388 1304 Rhea.
411 1240 485 1304 novi
509 1244 533 1304 t.
549 1239 595 1304 IV
617 1262 649 1323 p.
673 1241 735 1304 568
760 1260 828 1323 sqq.
855 1240 952 1324 [infra
974 1238 1058 1304 Diss.
1083 1237 1154 1328 Vq.
1199 1240 1248 1304 Ex
1272 1263 1334 1326 quo
1356 1241 1424 1304 effi-

285 1350 368 1414 citur
390 1349 569 1434 antiquiore
591 1372 686 1434 quam
702 1349 887 1414 Priscianea
909 1353 1016 1460 aptate
1032 1349 1220 1414 Plautinum
1232 1352 1424 1436 glossarium

286 1462 501 1545 conscriptum
525 1482 602 1525 esse.

369 1573 476 1657 Atque
508 1593 596 1636 nunc
629 1571 756 1635 demum
777 1568 888 1635 licebit
910 1571 950 1634 ad
971 1571 1076 1655 ipsam
1098 1573 1337 1665 enarrationem
1359 1573 1423 1638 sin·

284 1682 432 1767 gularum
461 1660 641 1767 glossarum
664 1682 830 1765 accedere,
865 1703 928 1765 qua
950 1703 1114 1765 speramus
1136 1681 1205 1746 sore
1226 1685 1263 1746 ut
1284 1683 1423 1768 aliquam

282 1792 393 1856 multis
426 1792 571 1857 versibus
606 1791 768 1856 Plautinis
801 1790 1001 1876 aliquantum
1034 1791 1084 1855 vel
1115 1792 1195 1856 lucis
1228 1793 1278 1857 vel
1311 1793 1423 1858 salutis

284 1903 445 1967 afferatur.
491 1901 553 1968 Sed
575 1902 660 1967 hanc
682 1923 797 1987 operae
819 1904 949 1965 nostrae
971 1911 1094 1986 partem
1118 1923 1190 1965 cum
1212 1925 1277 1967 non
1293 1905 1424 1988 capiant

282 2013 343 2078 hae
365 2012 523 2098 pagellae,
548 2013 788 2090 curabimusut
809 2011 892 2096 quod
914 2014 1015 2075 restat
1036 2011 1181 2095 proxima
1203 2015 1421 2097 procamiandi

283 2127 318 2188 et
348 2145 404 2188 vos
438 2123 648 2206 compellandi
682 2121 923 2206 opportunitate
959 2121 1122 2186 vobiscum
1160 2125 1420 2188 communicetur.

284 2233 332 2317 [Id
367 2233 533 2298 consilium
561 2231 712 2316 quoniam
745 2235 814 2296 tum
836 2231 977 2296 muneris
1001 2232 1174 2297 academici
1196 2235 1421 2318 occupationes

282 2347 544 2427 praeverterant,
579 2365 666 2406 nunc
698 2364 769 2405 eam
801 2346 927 2426 partem
960 2343 1142 2425 putavimus
1171 2351 1213 2408 ex'
1233 2345 1421 2408 adversariis

282 2454 417 2538 nostrie,
451 2453 486 2518 in
516 2453 630 2537 quibus
652 2453 709 2517 illa
730 2474 789 2536 per
810 2455 961 2537 quattuor
983 2451 1154 2516 lustrorum
1176 2453 1420 2519 diuturnitatem

282 2564 425 2647 delituit,
448 2564 657 2647 promendam
678 2583 777 2647 eoque
799 2563 882 2646 quod
906 2562 1108 2646 subsequitur
1130 2564 1273 2628 auctario
1300 2569 1421 2649 quanta

282 2673 351 2738 fieri
385 2673 541 2738 brevitate
564 2674 667 2758 potuit
690 2672 940 2756 exsequendam:
974 2675 1106 2738 mutatis
1133 2677 1242 2738 tamen
1266 2674 1423 2740 additisve

282 2805 366 2868 quae
398 2769 472 2868 post
504 2788 554 2850 tot
586 2805 742 2847 annorum
775 2785 914 2866 spatium
936 2805 1004 2847 esse
1027 2785 1180 2850 mutanda
1204 2784 1253 2848 vel
1276 2784 1420 2850 addenda

284 2894 510 2959 intelleximus.
567 2893 668 2958 Simul
702 2903 807 2958 autem
838 2893 915 2958 hinc
943 2894 1071 2958 veniam
1093 2898 1239 2978 paratam
1261 2895 1329 2958 fore
1351 2917 1420 2978 spe·
1462 2919 1466 2924 ·

281 3027 399 3088 ramus,
424 3005 451 3068 si
474 3005 550 3089 quid
573 3005 656 3068 forte
679 3025 798 3086 eorum,
822 3025 903 3087 quae
925 3025 963 3068 ex
984 3003 1041 3068 illo
1062 3009 1205 3088 tempore
1221 3005 1342 3068 utiliter
1357 2982 1429 3068 dis-¹

281 3118 395 3198 putata
417 3117 493 3178 sunt
515 3115 556 3178 ab
579 3114 660 3197 aliis,
684 3114 789 3178 studia
812 3118 922 3178 nostra
943 3114 1074 3199 fugerit.
1119 3114 1317 3198 Quamquam
1340 3119 1416 3178 sunt

281 3225 378 3289 etiam
401 3247 482 3310 quae
504 3225 608 3289 sciens
631 3224 826 3309 neglexerim
849 3223 898 3288 vel
920 3222 1049 3288 silentio
1070 3225 1312 3310 praeterierim]

750 3503 951 3512 ..ι-Μ·-

640 3683 1030 3784 Auctarium.

367 3891 555 3984 [Turbatum
586 3890 622 3959 iu
655 3893 744 3959 libris
777 3893 923 3978 glossarii
956 3891 1084 3956 initium
1116 3891 1176 3956 hoc
1203 3889 1279 3956 olim
1306 3890 1418 3957 ordine

279 4007 377 4071 fuisse
399 4007 515 4070 videri:
543 4011 579 4070 lu
605 4010 813 4085 Amphitrione
835 4051 971 4068 .....
995 4008 1032 4067 Ia
1055 4009 1219 4068 Asinaria:
1252 4007 1415 4068 blanditer.

279 4125 436 4196 irratisper.
459 4122 626 4196 paulisper,
650 4135 746 4198 supra
767 4113 984 4198 significatum
1006 4117 1064 4178 est.

368 4231 380 4288 l
402 4234 619 4306 paulisper:
658 4224 826 4288 Asinariae
848 4222 889 4304 V,
924 4225 960 4307 2,
984 4224 1026 4288 30
1048 4223 1126 4308 (880
1147 4223 1283 4306 exempli
1306 4221 1415 4287 h'lech-

280 4337 450 4422 eiseniani)
471 4338 629 4416 paulisper
650 4357 747 4399 mirae.
