<?xml version="1.0" encoding="UTF-8"?>
<!DOCTYPE html PUBLIC "-//W3C//DTD XHTML 1.0 Transitional//EN"
    "http://www.w3.org/TR/xhtml1/DTD/xhtml1-transitional.dtd">
<html xmlns="http://www.w3.org/1999/xhtml" xml:lang="en" lang="en">
 <head>
  <title>
</title>
<meta http-equiv="Content-Type" content="text/html;charset=utf-8" />
  <meta name='ocr-system' content='tesseract 3.04.00' />
  <meta name='ocr-capabilities' content='ocr_page ocr_carea ocr_par ocr_line ocrx_word'/>
</head>
<body>
  <div class='ocr_page' id='page_1' title='image "./fridericiritsch10wachgoog/fridericiritsch10wachgoog_0444.png"; bbox 0 0 3300 5102; ppageno 0'>
   <div class='ocr_carea' id='block_1_1' title="bbox 648 421 983 473">
    <p class='ocr_par' dir='ltr' id='par_1_1' title="bbox 648 421 983 473">
     <span class='ocr_line' id='line_1_1' title="bbox 648 421 983 473; baseline -0.015 0"><span class='ocrx_word' id='word_1_1' title='bbox 648 425 783 473; x_wconf 82' lang='lat' dir='ltr'>MILITIS</span> <span class='ocrx_word' id='word_1_2' title='bbox 807 421 983 472; x_wconf 83' lang='lat' dir='ltr'>GLORIOSI.</span> 
     </span>
    </p>
   </div>
   <div class='ocr_carea' id='block_1_2' title="bbox 243 577 981 665">
    <p class='ocr_par' dir='ltr' id='par_1_2' title="bbox 243 577 981 665">
     <span class='ocr_line' id='line_1_2' title="bbox 243 577 981 665; baseline -0.003 -23"><span class='ocrx_word' id='word_1_3' title='bbox 243 579 298 643; x_wconf 89' lang='lat' dir='ltr'><strong>sed</strong></span> <span class='ocrx_word' id='word_1_4' title='bbox 320 580 518 645; x_wconf 86' lang='lat' dir='ltr'><strong>nominativo</strong></span> <span class='ocrx_word' id='word_1_5' title='bbox 541 600 663 665; x_wconf 91' lang='lat' dir='ltr'><strong>quoque</strong></span> <span class='ocrx_word' id='word_1_6' title='bbox 685 578 783 643; x_wconf 83' lang='lat' dir='ltr'><strong>Mero.</strong></span> <span class='ocrx_word' id='word_1_7' title='bbox 806 577 847 661; x_wconf 88' lang='lat' dir='ltr'><strong>V,</strong></span> <span class='ocrx_word' id='word_1_8' title='bbox 870 577 900 662; x_wconf 99' lang='grc'>2,</span> <span class='ocrx_word' id='word_1_9' title='bbox 925 577 981 641; x_wconf 83' lang='grc'><strong>28;</strong></span> 
     </span>
    </p>
   </div>
   <div class='ocr_carea' id='block_1_3' title="bbox 328 736 1387 892">
    <p class='ocr_par' dir='ltr' id='par_1_3' title="bbox 328 736 1387 892">
     <span class='ocr_line' id='line_1_3' title="bbox 328 736 1387 888; baseline -0.009 -82"><span class='ocrx_word' id='word_1_10' title='bbox 328 747 389 806; x_wconf 80' lang='lat' dir='ltr'><strong>non</strong></span> <span class='ocrx_word' id='word_1_11' title='bbox 411 749 557 808; x_wconf 90' lang='lat' dir='ltr'><strong>amittunt</strong></span> <span class='ocrx_word' id='word_1_12' title='bbox 578 749 611 807; x_wconf 85' lang='lat' dir='ltr'><strong>hi</strong></span> <span class='ocrx_word' id='word_1_13' title='bbox 634 743 726 826; x_wconf 82' lang='lat' dir='ltr'><strong>[immo</strong></span> <span class='ocrx_word' id='word_1_14' title='bbox 752 743 810 827; x_wconf 88' lang='lat' dir='ltr'><strong>his]</strong></span> <span class='ocrx_word' id='word_1_15' title='bbox 838 766 885 852; x_wconf 73' lang='lat' dir='ltr'><strong>me</strong></span> <span class='ocrx_word' id='word_1_16' title='bbox 908 744 1030 888; x_wconf 47' lang='lat' dir='ltr'><strong>{miii</strong></span> <span class='ocrx_word' id='word_1_17' title='bbox 1054 745 1107 819; x_wconf 89' lang='lat' dir='ltr'><strong>qui</strong></span> <span class='ocrx_word' id='word_1_18' title='bbox 1129 743 1242 800; x_wconf 87' lang='lat' dir='ltr'><strong>tenent.</strong></span> <span class='ocrx_word' id='word_1_19' title='bbox 1265 773 1306 781; x_wconf 94' lang='lat'>—</span> <span class='ocrx_word' id='word_1_20' title='bbox 1329 736 1387 808; x_wconf 81' lang='lat' dir='ltr'><strong>Qui</strong></span> 
     </span>
     <span class='ocr_line' id='line_1_4' title="bbox 853 850 973 892; baseline -0.033 0"><span class='ocrx_word' id='word_1_21' title='bbox 853 851 909 892; x_wconf 87' lang='lat' dir='ltr'><strong>sun</strong></span> <span class='ocrx_word' id='word_1_22' title='bbox 946 850 973 888; x_wconf 86' lang='lat' dir='ltr'><strong>er</strong></span> 
     </span>
    </p>
   </div>
   <div class='ocr_carea' id='block_1_4' title="bbox 244 955 1389 1380">
    <p class='ocr_par' dir='ltr' id='par_1_4' title="bbox 244 955 1389 1380">
     <span class='ocr_line' id='line_1_5' title="bbox 246 955 1388 1048; baseline -0.005 -22"><span class='ocrx_word' id='word_1_23' title='bbox 246 959 336 1046; x_wconf 85' lang='lat' dir='ltr'><strong>(nam</strong></span> <span class='ocrx_word' id='word_1_24' title='bbox 358 963 452 1030; x_wconf 79' lang='lat' dir='ltr'><strong>Troe.</strong></span> <span class='ocrx_word' id='word_1_25' title='bbox 475 964 508 1047; x_wconf 93' lang='grc' dir='ltr'>Ι,</span> <span class='ocrx_word' id='word_1_26' title='bbox 531 964 562 1048; x_wconf 91' lang='grc'>2,</span> <span class='ocrx_word' id='word_1_27' title='bbox 585 965 606 1029; x_wconf 83' lang='lat'>5</span> <span class='ocrx_word' id='word_1_28' title='bbox 627 985 685 1048; x_wconf 91' lang='lat' dir='ltr'><strong>pro</strong></span> <span class='ocrx_word' id='word_1_29' title='bbox 707 970 777 1044; x_wconf 71' lang='lat' dir='ltr'><strong>quin</strong></span> <span class='ocrx_word' id='word_1_30' title='bbox 806 971 836 1028; x_wconf 82' lang='lat' dir='ltr'><strong>ei</strong></span> <span class='ocrx_word' id='word_1_31' title='bbox 863 969 900 1027; x_wconf 82' lang='lat' dir='ltr'><strong>Vt</strong></span> <span class='ocrx_word' id='word_1_32' title='bbox 921 967 1021 1026; x_wconf 76' lang='lat' dir='ltr'><strong>simitu</strong></span> <span class='ocrx_word' id='word_1_33' title='bbox 1043 965 1209 1024; x_wconf 81' lang='lat' dir='ltr'><strong>adveniunt</strong></span> <span class='ocrx_word' id='word_1_34' title='bbox 1230 979 1247 1022; x_wconf 90' lang='lat' dir='ltr'><strong>e</strong></span> <span class='ocrx_word' id='word_1_35' title='bbox 1268 955 1388 1021; x_wconf 84' lang='lat' dir='ltr'><strong>Palati-</strong></span> 
     </span>
     <span class='ocr_line' id='line_1_6' title="bbox 244 1067 1387 1159; baseline -0.006 -22"><span class='ocrx_word' id='word_1_36' title='bbox 244 1095 359 1138; x_wconf 88' lang='lat' dir='ltr'><strong>norum</strong></span> <span class='ocrx_word' id='word_1_37' title='bbox 382 1075 541 1159; x_wconf 87' lang='lat' dir='ltr'><strong>scriptura</strong></span> <span class='ocrx_word' id='word_1_38' title='bbox 564 1081 666 1155; x_wconf 77' lang='lat' dir='ltr'><strong>quiuer&#39;</strong></span> <span class='ocrx_word' id='word_1_39' title='bbox 680 1079 740 1139; x_wconf 76' lang='lat' dir='ltr'><strong>Aut</strong></span> <span class='ocrx_word' id='word_1_40' title='bbox 760 1094 846 1139; x_wconf 82' lang='lat' dir='ltr'><strong>senec</strong></span> <span class='ocrx_word' id='word_1_41' title='bbox 868 1071 1051 1136; x_wconf 83' lang='lat' dir='ltr'><strong>felicissime</strong></span> <span class='ocrx_word' id='word_1_42' title='bbox 1074 1069 1109 1135; x_wconf 78' lang='lat'><strong>0.</strong></span> <span class='ocrx_word' id='word_1_43' title='bbox 1126 1067 1165 1133; x_wconf 81' lang='grc' dir='ltr'><strong>Ε.</strong></span> <span class='ocrx_word' id='word_1_44' title='bbox 1184 1067 1240 1134; x_wconf 80' lang='lat' dir='ltr'><strong>Oh.</strong></span> <span class='ocrx_word' id='word_1_45' title='bbox 1258 1067 1387 1132; x_wconf 84' lang='lat' dir='ltr'><strong>Schnei-</strong></span> 
     </span>
     <span class='ocr_line' id='line_1_7' title="bbox 246 1179 1389 1268; baseline -0.004 -22"><span class='ocrx_word' id='word_1_46' title='bbox 246 1182 374 1268; x_wconf 86' lang='lat' dir='ltr'><strong>derus*)</strong></span> <span class='ocrx_word' id='word_1_47' title='bbox 397 1185 539 1250; x_wconf 70' lang='lat' dir='ltr'><strong>restituit</strong></span> <span class='ocrx_word' id='word_1_48' title='bbox 561 1192 663 1264; x_wconf 80' lang='lat' dir='ltr'><strong>quinei</strong></span> <span class='ocrx_word' id='word_1_49' title='bbox 683 1197 736 1249; x_wconf 82' lang='lat' dir='ltr'><strong>aut</strong></span> <span class='ocrx_word' id='word_1_50' title='bbox 756 1191 840 1249; x_wconf 81' lang='lat' dir='ltr'><strong>senei</strong></span> <span class='ocrx_word' id='word_1_51' title='bbox 865 1183 897 1248; x_wconf 90' lang='lat' dir='ltr'><strong>h.</strong></span> <span class='ocrx_word' id='word_1_52' title='bbox 921 1203 948 1247; x_wconf 88' lang='lat' dir='ltr'><strong>e.</strong></span> <span class='ocrx_word' id='word_1_53' title='bbox 972 1189 1058 1262; x_wconf 80' lang='lat' dir='ltr'><strong>quini</strong></span> <span class='ocrx_word' id='word_1_54' title='bbox 1080 1192 1133 1246; x_wconf 76' lang='lat' dir='ltr'><strong>aut</strong></span> <span class='ocrx_word' id='word_1_55' title='bbox 1147 1182 1239 1262; x_wconf 59' lang='lat' dir='ltr'><strong>send:</strong></span> <span class='ocrx_word' id='word_1_56' title='bbox 1277 1179 1389 1243; x_wconf 85' lang='lat' dir='ltr'><strong>simili-</strong></span> 
     </span>
     <span class='ocr_line' id='line_1_8' title="bbox 246 1289 1387 1380; baseline -0.005 -22"><span class='ocrx_word' id='word_1_57' title='bbox 246 1297 358 1380; x_wconf 80' lang='lat' dir='ltr'><strong>terque</strong></span> <span class='ocrx_word' id='word_1_58' title='bbox 379 1295 415 1360; x_wconf 91' lang='lat' dir='ltr'><strong>in</strong></span> <span class='ocrx_word' id='word_1_59' title='bbox 438 1297 525 1361; x_wconf 85' lang='lat' dir='ltr'><strong>exitu</strong></span> <span class='ocrx_word' id='word_1_60' title='bbox 547 1317 658 1360; x_wconf 81' lang='lat' dir='ltr'><strong>versus</strong></span> <span class='ocrx_word' id='word_1_61' title='bbox 682 1295 872 1360; x_wconf 85' lang='lat' dir='ltr'><strong>collocatum</strong></span> <span class='ocrx_word' id='word_1_62' title='bbox 894 1301 935 1357; x_wconf 81' lang='lat' dir='ltr'><strong>eis</strong></span> <span class='ocrx_word' id='word_1_63' title='bbox 957 1291 1057 1356; x_wconf 87' lang='lat' dir='ltr'><strong>habes</strong></span> <span class='ocrx_word' id='word_1_64' title='bbox 1079 1291 1174 1374; x_wconf 84' lang='lat' dir='ltr'><strong>Epid.</strong></span> <span class='ocrx_word' id='word_1_65' title='bbox 1193 1289 1252 1373; x_wconf 85' lang='lat'>111,</span> <span class='ocrx_word' id='word_1_66' title='bbox 1275 1290 1306 1373; x_wconf 87' lang='grc'>4,</span> <span class='ocrx_word' id='word_1_67' title='bbox 1331 1289 1387 1355; x_wconf 86' lang='lat'><strong>83:</strong></span> 
     </span>
    </p>
   </div>
   <div class='ocr_carea' id='block_1_5' title="bbox 247 1428 1265 1653">
    <p class='ocr_par' dir='ltr' id='par_1_5' title="bbox 247 1428 1265 1653">
     <span class='ocr_line' id='line_1_9' title="bbox 331 1428 1265 1514; baseline -0.003 -18"><span class='ocrx_word' id='word_1_68' title='bbox 331 1457 378 1496; x_wconf 93' lang='lat' dir='ltr'><strong>me</strong></span> <span class='ocrx_word' id='word_1_69' title='bbox 400 1437 514 1514; x_wconf 76' lang='lat' dir='ltr'><strong>inpune</strong></span> <span class='ocrx_word' id='word_1_70' title='bbox 535 1438 661 1497; x_wconf 90' lang='lat' dir='ltr'><strong>inrisum</strong></span> <span class='ocrx_word' id='word_1_71' title='bbox 684 1457 746 1498; x_wconf 85' lang='lat' dir='ltr'><strong>esse</strong></span> <span class='ocrx_word' id='word_1_72' title='bbox 769 1437 906 1496; x_wconf 72' lang='lat' dir='ltr'><strong>hebitum</strong></span> <span class='ocrx_word' id='word_1_73' title='bbox 929 1434 1139 1509; x_wconf 73' lang='lat' dir='ltr'><strong>depeculttum</strong></span> <span class='ocrx_word' id='word_1_74' title='bbox 1159 1428 1265 1509; x_wconf 79' lang='lat' dir='ltr'><strong>eis**);</strong></span> 
     </span>
     <span class='ocr_line' id='line_1_10' title="bbox 247 1565 514 1653; baseline 0.007 -22"><span class='ocrx_word' id='word_1_75' title='bbox 247 1565 330 1632; x_wconf 87' lang='lat' dir='ltr'><strong>Rud.</strong></span> <span class='ocrx_word' id='word_1_76' title='bbox 354 1568 435 1653; x_wconf 89' lang='lat' dir='ltr'><strong>prol.</strong></span> <span class='ocrx_word' id='word_1_77' title='bbox 458 1570 514 1635; x_wconf 76' lang='lat'><strong>73:</strong></span> 
     </span>
    </p>
   </div>
   <div class='ocr_carea' id='block_1_6' title="bbox 434 1701 1197 1786">
    <p class='ocr_par' dir='ltr' id='par_1_6' title="bbox 434 1701 1197 1786">
     <span class='ocr_line' id='line_1_11' title="bbox 434 1701 1197 1786; baseline -0.008 -14"><span class='ocrx_word' id='word_1_78' title='bbox 434 1711 540 1772; x_wconf 80' lang='lat' dir='ltr'><strong>sedent</strong></span> <span class='ocrx_word' id='word_1_79' title='bbox 561 1710 656 1785; x_wconf 80' lang='lat' dir='ltr'><strong>eiecti,</strong></span> <span class='ocrx_word' id='word_1_80' title='bbox 686 1711 771 1770; x_wconf 76' lang='lat' dir='ltr'><strong>nivis</strong></span> <span class='ocrx_word' id='word_1_81' title='bbox 794 1708 974 1768; x_wconf 77' lang='lat' dir='ltr'><strong>confractist</strong></span> <span class='ocrx_word' id='word_1_82' title='bbox 997 1707 1038 1768; x_wconf 91' lang='lat' dir='ltr'><strong>eis</strong></span> <span class='ocrx_word' id='word_1_83' title='bbox 1062 1701 1117 1786; x_wconf 81' lang='lat' dir='ltr'><strong>[vel</strong></span> <span class='ocrx_word' id='word_1_84' title='bbox 1137 1701 1197 1786; x_wconf 88' lang='lat' dir='ltr'><strong>iis],</strong></span> 
     </span>
    </p>
   </div>
   <div class='ocr_carea' id='block_1_7' title="bbox 248 1833 1389 2037">
    <p class='ocr_par' dir='ltr' id='par_1_7' title="bbox 248 1833 1389 2037">
     <span class='ocr_line' id='line_1_12' title="bbox 248 1833 1387 1926; baseline -0.004 -22"><span class='ocrx_word' id='word_1_85' title='bbox 248 1841 303 1904; x_wconf 92' lang='lat' dir='ltr'><strong>ubi</strong></span> <span class='ocrx_word' id='word_1_86' title='bbox 329 1845 457 1926; x_wconf 89' lang='lat' dir='ltr'><strong>praeter</strong></span> <span class='ocrx_word' id='word_1_87' title='bbox 483 1842 637 1906; x_wconf 89' lang='lat' dir='ltr'><strong>librorum</strong></span> <span class='ocrx_word' id='word_1_88' title='bbox 665 1841 760 1906; x_wconf 90' lang='lat' dir='ltr'><strong>fidem</strong></span> <span class='ocrx_word' id='word_1_89' title='bbox 783 1839 983 1906; x_wconf 77' lang='lat' dir='ltr'>Camerarius</span> <span class='ocrx_word' id='word_1_90' title='bbox 1011 1844 1075 1904; x_wconf 81' lang='lat' dir='ltr'><strong>itur</strong></span> <span class='ocrx_word' id='word_1_91' title='bbox 1096 1837 1239 1922; x_wconf 79' lang='lat' dir='ltr'><strong>scripsit3</strong></span> <span class='ocrx_word' id='word_1_92' title='bbox 1274 1833 1387 1922; x_wconf 85' lang='lat' dir='ltr'><strong>[Stichi</strong></span> 
     </span>
     <span class='ocr_line' id='line_1_13' title="bbox 248 1947 1389 2037; baseline -0.004 -23"><span class='ocrx_word' id='word_1_93' title='bbox 248 1951 332 2015; x_wconf 91' lang='lat' dir='ltr'><strong>enim</strong></span> <span class='ocrx_word' id='word_1_94' title='bbox 354 1974 464 2017; x_wconf 86' lang='lat' dir='ltr'><strong>versus</strong></span> <span class='ocrx_word' id='word_1_95' title='bbox 486 1951 513 2036; x_wconf 92' lang='grc' dir='ltr'>Ι,</span> <span class='ocrx_word' id='word_1_96' title='bbox 537 1953 567 2036; x_wconf 93' lang='grc'>2,</span> <span class='ocrx_word' id='word_1_97' title='bbox 594 1953 634 2016; x_wconf 85' lang='grc'><strong>14</strong></span> <span class='ocrx_word' id='word_1_98' title='bbox 648 1951 725 2016; x_wconf 86' lang='lat' dir='ltr'><strong>hine</strong></span> <span class='ocrx_word' id='word_1_99' title='bbox 747 1951 975 2037; x_wconf 84' lang='lat' dir='ltr'><strong>segregandus,</strong></span> <span class='ocrx_word' id='word_1_100' title='bbox 998 1950 1054 2014; x_wconf 92' lang='lat' dir='ltr'><strong>ubi</strong></span> <span class='ocrx_word' id='word_1_101' title='bbox 1075 1971 1134 2035; x_wconf 90' lang='lat' dir='ltr'><strong>pro</strong></span> <span class='ocrx_word' id='word_1_102' title='bbox 1156 1970 1193 2012; x_wconf 92' lang='lat' dir='ltr'><strong>eo</strong></span> <span class='ocrx_word' id='word_1_103' title='bbox 1214 1947 1298 2033; x_wconf 90' lang='lat' dir='ltr'><strong>quod</strong></span> <span class='ocrx_word' id='word_1_104' title='bbox 1320 1950 1389 2010; x_wconf 88' lang='lat' dir='ltr'><strong>erat</strong></span> 
     </span>
    </p>
   </div>
   <div class='ocr_carea' id='block_1_8' title="bbox 246 2058 1387 2263">
    <p class='ocr_par' dir='ltr' id='par_1_8' title="bbox 246 2058 1387 2263">
     <span class='ocr_line' id='line_1_14' title="bbox 246 2058 1387 2147; baseline -0.004 -21"><span class='ocrx_word' id='word_1_105' title='bbox 246 2084 314 2126; x_wconf 82' lang='lat' dir='ltr'><strong>eum</strong></span> <span class='ocrx_word' id='word_1_106' title='bbox 336 2069 378 2127; x_wconf 84' lang='lat' dir='ltr'><strong>eis</strong></span> <span class='ocrx_word' id='word_1_107' title='bbox 400 2063 573 2147; x_wconf 88' lang='lat' dir='ltr'><strong>repositum</strong></span> <span class='ocrx_word' id='word_1_108' title='bbox 596 2067 645 2127; x_wconf 91' lang='lat' dir='ltr'><strong>est</strong></span> <span class='ocrx_word' id='word_1_109' title='bbox 672 2066 801 2127; x_wconf 86' lang='lat' dir='ltr'><strong>auetore</strong></span> <span class='ocrx_word' id='word_1_110' title='bbox 828 2062 993 2126; x_wconf 88' lang='lat' dir='ltr'><strong>Lomanno</strong></span> <span class='ocrx_word' id='word_1_111' title='bbox 1020 2083 1087 2126; x_wconf 85' lang='lat' dir='ltr'><strong>cum</strong></span> <span class='ocrx_word' id='word_1_112' title='bbox 1114 2066 1186 2126; x_wconf 84' lang='lat' dir='ltr'><strong>meis</strong></span> <span class='ocrx_word' id='word_1_113' title='bbox 1194 2058 1214 2147; x_wconf 65' lang='grc' dir='ltr'><strong>ς]</strong></span> <span class='ocrx_word' id='word_1_114' title='bbox 1248 2059 1387 2142; x_wconf 82' lang='lat' dir='ltr'><strong>itemque</strong></span> 
     </span>
     <span class='ocr_line' id='line_1_15' title="bbox 247 2169 1030 2263; baseline 0.003 -27"><span class='ocrx_word' id='word_1_115' title='bbox 247 2194 302 2237; x_wconf 89' lang='lat' dir='ltr'><strong>eue</strong></span> <span class='ocrx_word' id='word_1_116' title='bbox 323 2172 409 2239; x_wconf 88' lang='lat' dir='ltr'><strong>Men.</strong></span> <span class='ocrx_word' id='word_1_117' title='bbox 432 2173 459 2257; x_wconf 88' lang='lat' dir='ltr'><strong>I,</strong></span> <span class='ocrx_word' id='word_1_118' title='bbox 485 2175 514 2258; x_wconf 91' lang='lat'><strong>1,</strong></span> <span class='ocrx_word' id='word_1_119' title='bbox 540 2174 589 2238; x_wconf 88' lang='lat'><strong>10.</strong></span> <span class='ocrx_word' id='word_1_120' title='bbox 616 2171 725 2260; x_wconf 89' lang='lat' dir='ltr'><strong>[Poen.</strong></span> <span class='ocrx_word' id='word_1_121' title='bbox 749 2175 776 2257; x_wconf 88' lang='grc' dir='ltr'>Ι,</span> <span class='ocrx_word' id='word_1_122' title='bbox 799 2174 829 2258; x_wconf 90' lang='grc'><strong>2,</strong></span> <span class='ocrx_word' id='word_1_123' title='bbox 856 2173 945 2263; x_wconf 83' lang='lat'>109]:</span> <span class='ocrx_word' id='word_1_124' title='bbox 1024 2169 1030 2180; x_wconf 79' lang='grc'><strong><em>’</em></strong></span> 
     </span>
    </p>
   </div>
   <div class='ocr_carea' id='block_1_9' title="bbox 399 2324 1494 2488">
    <p class='ocr_par' dir='ltr' id='par_1_9' title="bbox 399 2324 1494 2488">
     <span class='ocr_line' id='line_1_16' title="bbox 399 2324 1494 2402; baseline 0.003 -20"><span class='ocrx_word' id='word_1_125' title='bbox 399 2326 452 2382; x_wconf 84' lang='lat' dir='ltr'><strong>aut</strong></span> <span class='ocrx_word' id='word_1_126' title='bbox 473 2324 574 2399; x_wconf 80' lang='lat' dir='ltr'><strong>ltpide</strong></span> <span class='ocrx_word' id='word_1_127' title='bbox 596 2325 751 2384; x_wconf 83' lang='lat' dir='ltr'><strong>excutiunt</strong></span> <span class='ocrx_word' id='word_1_128' title='bbox 774 2326 903 2383; x_wconf 77' lang='lat' dir='ltr'><strong>eliavom:</strong></span> <span class='ocrx_word' id='word_1_129' title='bbox 925 2343 1024 2402; x_wconf 85' lang='lat' dir='ltr'><strong>nugae</strong></span> <span class='ocrx_word' id='word_1_130' title='bbox 1046 2325 1117 2382; x_wconf 79' lang='lat' dir='ltr'><strong>sr&#39;mt</strong></span> <span class='ocrx_word' id='word_1_131' title='bbox 1139 2342 1199 2381; x_wconf 88' lang='lat' dir='ltr'><strong>eae.</strong></span> <span class='ocrx_word' id='word_1_132' title='bbox 1406 2335 1455 2384; x_wconf 74' lang='lat' dir='ltr'><strong>vm</strong></span> <span class='ocrx_word' id='word_1_133' title='bbox 1480 2332 1494 2348; x_wconf 84' lang='lat'><em>&#39;</em></span> 
     </span>
     <span class='ocr_line' id='line_1_17' title="bbox 401 2401 1291 2488; baseline -0.004 -19"><span class='ocrx_word' id='word_1_134' title='bbox 401 2405 599 2488; x_wconf 65' lang='lat' dir='ltr'><strong>[stcrufiearm</strong></span> <span class='ocrx_word' id='word_1_135' title='bbox 622 2413 693 2468; x_wconf 77' lang='lat' dir='ltr'><strong>niam</strong></span> <span class='ocrx_word' id='word_1_136' title='bbox 714 2410 869 2488; x_wconf 86' lang='lat' dir='ltr'><strong>vigulante</strong></span> <span class='ocrx_word' id='word_1_137' title='bbox 889 2408 1005 2468; x_wconf 74' lang='lat' dir='ltr'><strong>Venere</strong></span> <span class='ocrx_word' id='word_1_138' title='bbox 1027 2409 1053 2468; x_wconf 90' lang='lat' dir='ltr'><strong>si</strong></span> <span class='ocrx_word' id='word_1_139' title='bbox 1074 2409 1198 2468; x_wconf 80' lang='lat' dir='ltr'><strong>veniimt</strong></span> <span class='ocrx_word' id='word_1_140' title='bbox 1220 2401 1291 2487; x_wconf 79' lang='lat' dir='ltr'><strong>eoa]</strong></span> 
     </span>
    </p>
   </div>
   <div class='ocr_carea' id='block_1_10' title="bbox 247 2554 1388 3086">
    <p class='ocr_par' dir='ltr' id='par_1_10' title="bbox 248 2554 1388 2752">
     <span class='ocr_line' id='line_1_18' title="bbox 248 2554 1388 2642; baseline 0 -22"><span class='ocrx_word' id='word_1_141' title='bbox 248 2554 276 2620; x_wconf 83' lang='lat' dir='ltr'><strong>E</strong></span> <span class='ocrx_word' id='word_1_142' title='bbox 305 2555 372 2621; x_wconf 91' lang='lat' dir='ltr'><strong>solo</strong></span> <span class='ocrx_word' id='word_1_143' title='bbox 400 2557 477 2622; x_wconf 89' lang='lat' dir='ltr'><strong>item</strong></span> <span class='ocrx_word' id='word_1_144' title='bbox 499 2557 616 2623; x_wconf 88' lang='lat' dir='ltr'><strong>Vetere</strong></span> <span class='ocrx_word' id='word_1_145' title='bbox 644 2557 751 2623; x_wconf 88' lang='lat' dir='ltr'><strong>codiee</strong></span> <span class='ocrx_word' id='word_1_146' title='bbox 783 2581 812 2622; x_wconf 85' lang='lat' dir='ltr'><strong>v.</strong></span> <span class='ocrx_word' id='word_1_147' title='bbox 837 2558 856 2621; x_wconf 89' lang='grc'><strong>9</strong></span> <span class='ocrx_word' id='word_1_148' title='bbox 881 2563 997 2622; x_wconf 75' lang='lat' dir='ltr'><strong>luditur</strong></span> <span class='ocrx_word' id='word_1_149' title='bbox 1022 2578 1081 2642; x_wconf 93' lang='lat' dir='ltr'><strong>pro</strong></span> <span class='ocrx_word' id='word_1_150' title='bbox 1103 2562 1258 2621; x_wconf 79' lang='lat' dir='ltr'><strong>deluditur</strong></span> <span class='ocrx_word' id='word_1_151' title='bbox 1280 2554 1388 2621; x_wconf 83' lang='lat' dir='ltr'><strong>Carne-</strong></span> 
     </span>
     <span class='ocr_line' id='line_1_19' title="bbox 248 2667 673 2752; baseline 0.007 -23"><span class='ocrx_word' id='word_1_152' title='bbox 248 2667 350 2732; x_wconf 83' lang='lat' dir='ltr'><strong>rarius</strong></span> <span class='ocrx_word' id='word_1_153' title='bbox 374 2667 500 2732; x_wconf 87' lang='lat' dir='ltr'><strong>demum</strong></span> <span class='ocrx_word' id='word_1_154' title='bbox 522 2669 673 2752; x_wconf 86' lang='lat' dir='ltr'><strong>reposuit.</strong></span> 
     </span>
    </p>

    <p class='ocr_par' dir='ltr' id='par_1_11' title="bbox 247 2777 1387 3086">
     <span class='ocr_line' id='line_1_20' title="bbox 332 2777 1387 2864; baseline -0.004 -20"><span class='ocrx_word' id='word_1_155' title='bbox 332 2777 393 2844; x_wconf 78' lang='lat' dir='ltr'><strong>sed</strong></span> <span class='ocrx_word' id='word_1_156' title='bbox 416 2779 480 2843; x_wconf 90' lang='lat' dir='ltr'><strong>iam</strong></span> <span class='ocrx_word' id='word_1_157' title='bbox 496 2779 718 2844; x_wconf 88' lang='lat' dir='ltr'><strong>revertendum</strong></span> <span class='ocrx_word' id='word_1_158' title='bbox 740 2783 789 2843; x_wconf 88' lang='lat' dir='ltr'><strong>est</strong></span> <span class='ocrx_word' id='word_1_159' title='bbox 811 2779 851 2842; x_wconf 86' lang='lat' dir='ltr'><strong>ad</strong></span> <span class='ocrx_word' id='word_1_160' title='bbox 873 2778 1001 2843; x_wconf 83' lang='lat' dir='ltr'><strong>initium</strong></span> <span class='ocrx_word' id='word_1_161' title='bbox 1017 2779 1221 2864; x_wconf 86' lang='lat' dir='ltr'><strong>Argumenti‚</strong></span> <span class='ocrx_word' id='word_1_162' title='bbox 1245 2778 1387 2842; x_wconf 88' lang='lat' dir='ltr'><strong>nondum</strong></span> 
     </span>
     <span class='ocr_line' id='line_1_21' title="bbox 247 2888 1387 2974; baseline -0.001 -22"><span class='ocrx_word' id='word_1_163' title='bbox 247 2888 324 2953; x_wconf 90' lang='lat' dir='ltr'><strong>illud</strong></span> <span class='ocrx_word' id='word_1_164' title='bbox 347 2892 564 2974; x_wconf 82' lang='lat' dir='ltr'><strong>persenatum.</strong></span> <span class='ocrx_word' id='word_1_165' title='bbox 609 2890 653 2954; x_wconf 84' lang='lat' dir='ltr'><strong>Et</strong></span> <span class='ocrx_word' id='word_1_166' title='bbox 675 2889 774 2954; x_wconf 85' lang='lat' dir='ltr'><strong>altero</strong></span> <span class='ocrx_word' id='word_1_167' title='bbox 797 2890 924 2974; x_wconf 92' lang='lat' dir='ltr'><strong>quidem</strong></span> <span class='ocrx_word' id='word_1_168' title='bbox 939 2911 1032 2953; x_wconf 88' lang='lat' dir='ltr'><strong>versu</strong></span> <span class='ocrx_word' id='word_1_169' title='bbox 1054 2896 1124 2954; x_wconf 88' lang='lat' dir='ltr'><strong>dum</strong></span> <span class='ocrx_word' id='word_1_170' title='bbox 1147 2910 1199 2953; x_wconf 86' lang='lat' dir='ltr'><strong>ero</strong></span> <span class='ocrx_word' id='word_1_171' title='bbox 1221 2889 1387 2952; x_wconf 84' lang='lat' dir='ltr'><strong>restituere</strong></span> 
     </span>
     <span class='ocr_line' id='line_1_22' title="bbox 248 2997 1387 3086; baseline 0 -24"><span class='ocrx_word' id='word_1_172' title='bbox 248 3020 340 3064; x_wconf 90' lang='lat' dir='ltr'><strong>nemo</strong></span> <span class='ocrx_word' id='word_1_173' title='bbox 363 3000 572 3085; x_wconf 83' lang='lat' dir='ltr'><strong>dubitaverit,</strong></span> <span class='ocrx_word' id='word_1_174' title='bbox 596 3001 650 3086; x_wconf 91' lang='lat' dir='ltr'><strong>qui</strong></span> <span class='ocrx_word' id='word_1_175' title='bbox 673 3001 732 3065; x_wconf 88' lang='lat' dir='ltr'><strong>hoe</strong></span> <span class='ocrx_word' id='word_1_176' title='bbox 754 3000 810 3064; x_wconf 87' lang='lat' dir='ltr'><strong>illa</strong></span> <span class='ocrx_word' id='word_1_177' title='bbox 831 3001 942 3066; x_wconf 85' lang='lat' dir='ltr'><strong>ordine</strong></span> <span class='ocrx_word' id='word_1_178' title='bbox 969 3000 1004 3063; x_wconf 94' lang='lat' dir='ltr'><strong>in</strong></span> <span class='ocrx_word' id='word_1_179' title='bbox 1027 2999 1154 3084; x_wconf 89' lang='lat' dir='ltr'><strong>seriptis</strong></span> <span class='ocrx_word' id='word_1_180' title='bbox 1175 2997 1266 3063; x_wconf 88' lang='lat' dir='ltr'><strong>libris</strong></span> <span class='ocrx_word' id='word_1_181' title='bbox 1287 3000 1387 3063; x_wconf 90' lang='lat' dir='ltr'><strong>omni-</strong></span> 
     </span>
    </p>
   </div>
   <div class='ocr_carea' id='block_1_11' title="bbox 246 3272 1389 4410">
    <p class='ocr_par' dir='ltr' id='par_1_12' title="bbox 246 3272 1389 3814">
     <span class='ocr_line' id='line_1_23' title="bbox 249 3272 1388 3345; baseline -0.004 -15"><span class='ocrx_word' id='word_1_182' title='bbox 249 3277 356 3342; x_wconf 84' lang='lat' dir='ltr'><strong>ur&#39;dere,</strong></span> <span class='ocrx_word' id='word_1_183' title='bbox 375 3273 493 3343; x_wconf 79' lang='lat' dir='ltr'><strong>eogitari</strong></span> <span class='ocrx_word' id='word_1_184' title='bbox 510 3292 591 3345; x_wconf 88' lang='lat' dir='ltr'><strong>posse</strong></span> <span class='ocrx_word' id='word_1_185' title='bbox 610 3273 644 3329; x_wconf 90' lang='lat' dir='ltr'><strong>de</strong></span> <span class='ocrx_word' id='word_1_186' title='bbox 663 3293 714 3333; x_wconf 83' lang='lat' dir='ltr'><strong>eae</strong></span> <span class='ocrx_word' id='word_1_187' title='bbox 732 3275 822 3329; x_wconf 83' lang='lat' dir='ltr'><strong>forma</strong></span> <span class='ocrx_word' id='word_1_188' title='bbox 838 3273 1023 3330; x_wconf 86' lang='lat' dir='ltr'><strong>Buechelerus</strong></span> <span class='ocrx_word' id='word_1_189' title='bbox 1041 3272 1075 3328; x_wconf 90' lang='lat' dir='ltr'><strong>de</strong></span> <span class='ocrx_word' id='word_1_190' title='bbox 1094 3273 1161 3328; x_wconf 82' lang='lat' dir='ltr'><strong>decl.</strong></span> <span class='ocrx_word' id='word_1_191' title='bbox 1176 3272 1224 3328; x_wconf 86' lang='lat' dir='ltr'><strong>lat.</strong></span> <span class='ocrx_word' id='word_1_192' title='bbox 1243 3292 1269 3344; x_wconf 90' lang='lat' dir='ltr'><strong>p.</strong></span> <span class='ocrx_word' id='word_1_193' title='bbox 1284 3278 1317 3328; x_wconf 87' lang='grc'><strong>60</strong></span> <span class='ocrx_word' id='word_1_194' title='bbox 1335 3273 1388 3342; x_wconf 84' lang='lat' dir='ltr'><strong>sig·</strong></span> 
     </span>
     <span class='ocr_line' id='line_1_24' title="bbox 247 3366 1388 3456; baseline 0.005 -37"><span class='ocrx_word' id='word_1_195' title='bbox 247 3366 355 3435; x_wconf 81' lang='lat' dir='ltr'><strong>nificat,</strong></span> <span class='ocrx_word' id='word_1_196' title='bbox 379 3385 549 3435; x_wconf 85' lang='lat' dir='ltr'><strong>quamquam</strong></span> <span class='ocrx_word' id='word_1_197' title='bbox 565 3368 625 3440; x_wconf 88' lang='lat' dir='ltr'><strong>ipse</strong></span> <span class='ocrx_word' id='word_1_198' title='bbox 642 3367 811 3439; x_wconf 78' lang='lat' dir='ltr'><strong>improbans.</strong></span> <span class='ocrx_word' id='word_1_199' title='bbox 842 3399 875 3411; x_wconf 88' lang='lat'><em>-</em></span> <span class='ocrx_word' id='word_1_200' title='bbox 905 3367 1033 3424; x_wconf 84' lang='lat' dir='ltr'><strong>Ceterum</strong></span> <span class='ocrx_word' id='word_1_201' title='bbox 1056 3385 1118 3423; x_wconf 89' lang='lat' dir='ltr'><strong>cum</strong></span> <span class='ocrx_word' id='word_1_202' title='bbox 1140 3369 1185 3420; x_wconf 84' lang='lat' dir='ltr'><strong>vix</strong></span> <span class='ocrx_word' id='word_1_203' title='bbox 1207 3368 1317 3456; x_wconf 74' lang='lat' dir='ltr'><strong>plaeere</strong></span> <span class='ocrx_word' id='word_1_204' title='bbox 1335 3385 1388 3438; x_wconf 83' lang='lat' dir='ltr'><strong>que</strong></span> 
     </span>
     <span class='ocr_line' id='line_1_25' title="bbox 248 3459 1387 3533; baseline 0.003 -21"><span class='ocrx_word' id='word_1_205' title='bbox 248 3459 317 3514; x_wconf 91' lang='lat' dir='ltr'><strong>illud</strong></span> <span class='ocrx_word' id='word_1_206' title='bbox 335 3461 364 3514; x_wconf 91' lang='lat' dir='ltr'><strong>in</strong></span> <span class='ocrx_word' id='word_1_207' title='bbox 383 3463 540 3532; x_wconf 82' lang='lat' dir='ltr'><strong>donarique</strong></span> <span class='ocrx_word' id='word_1_208' title='bbox 562 3461 664 3532; x_wconf 84' lang='lat' dir='ltr'><strong>possit,</strong></span> <span class='ocrx_word' id='word_1_209' title='bbox 694 3461 786 3517; x_wconf 86' lang='lat' dir='ltr'><strong>neseio</strong></span> <span class='ocrx_word' id='word_1_210' title='bbox 810 3479 846 3516; x_wconf 89' lang='lat' dir='ltr'><strong>an</strong></span> <span class='ocrx_word' id='word_1_211' title='bbox 868 3462 923 3517; x_wconf 82' lang='lat' dir='ltr'><strong>alia</strong></span> <span class='ocrx_word' id='word_1_212' title='bbox 940 3461 1033 3533; x_wconf 83' lang='lat' dir='ltr'><strong>potius</strong></span> <span class='ocrx_word' id='word_1_213' title='bbox 1051 3461 1149 3517; x_wconf 79' lang='lat' dir='ltr'><strong>vocula</strong></span> <span class='ocrx_word' id='word_1_214' title='bbox 1168 3461 1313 3529; x_wconf 82' lang='lat' dir='ltr'><strong>exciderit,</strong></span> <span class='ocrx_word' id='word_1_215' title='bbox 1335 3461 1387 3515; x_wconf 84' lang='lat' dir='ltr'><strong>sio:</strong></span> 
     </span>
     <span class='ocr_line' id='line_1_26' title="bbox 247 3555 1386 3626; baseline -0.003 -16"><span class='ocrx_word' id='word_1_216' title='bbox 247 3556 352 3613; x_wconf 83' lang='lat' dir='ltr'><strong>donavi</strong></span> <span class='ocrx_word' id='word_1_217' title='bbox 374 3556 449 3612; x_wconf 82' lang='lat' dir='ltr'><strong>ultro</strong></span> <span class='ocrx_word' id='word_1_218' title='bbox 472 3559 500 3614; x_wconf 82' lang='lat' dir='ltr'><strong>ei</strong></span> <span class='ocrx_word' id='word_1_219' title='bbox 516 3587 556 3610; x_wconf 85' lang='lat'><strong>-.</strong></span> <span class='ocrx_word' id='word_1_220' title='bbox 592 3555 649 3610; x_wconf 83' lang='lat' dir='ltr'><strong>Vbi</strong></span> <span class='ocrx_word' id='word_1_221' title='bbox 671 3556 719 3625; x_wconf 87' lang='lat' dir='ltr'><strong>qui</strong></span> <span class='ocrx_word' id='word_1_222' title='bbox 741 3573 792 3614; x_wconf 85' lang='lat' dir='ltr'><strong>eue</strong></span> <span class='ocrx_word' id='word_1_223' title='bbox 814 3557 980 3626; x_wconf 87' lang='lat' dir='ltr'><strong>praetulerit</strong></span> <span class='ocrx_word' id='word_1_224' title='bbox 1001 3556 1115 3626; x_wconf 81' lang='lat' dir='ltr'><strong>(quippe</strong></span> <span class='ocrx_word' id='word_1_225' title='bbox 1138 3555 1268 3610; x_wconf 79' lang='lat' dir='ltr'><strong>facillime</strong></span> <span class='ocrx_word' id='word_1_226' title='bbox 1285 3555 1315 3608; x_wconf 85' lang='lat' dir='ltr'><strong>in</strong></span> <span class='ocrx_word' id='word_1_227' title='bbox 1331 3573 1386 3608; x_wconf 76' lang='lat' dir='ltr'><strong>nnn</strong></span> 
     </span>
     <span class='ocr_line' id='line_1_27' title="bbox 247 3647 1389 3720; baseline 0.004 -18"><span class='ocrx_word' id='word_1_228' title='bbox 247 3647 387 3703; x_wconf 76' lang='lat' dir='ltr'><strong>transibat</strong></span> <span class='ocrx_word' id='word_1_229' title='bbox 404 3651 477 3718; x_wconf 74' lang='lat' dir='ltr'><strong>rin),</strong></span> <span class='ocrx_word' id='word_1_230' title='bbox 495 3649 621 3720; x_wconf 81' lang='lat' dir='ltr'><strong>proximo</strong></span> <span class='ocrx_word' id='word_1_231' title='bbox 641 3667 750 3718; x_wconf 85' lang='lat' dir='ltr'><strong>quoque</strong></span> <span class='ocrx_word' id='word_1_232' title='bbox 768 3665 849 3704; x_wconf 82' lang='lat' dir='ltr'><strong>versu</strong></span> <span class='ocrx_word' id='word_1_233' title='bbox 866 3650 986 3706; x_wconf 83' lang='lat' dir='ltr'><strong>seribere</strong></span> <span class='ocrx_word' id='word_1_234' title='bbox 998 3658 1024 3708; x_wconf 76' lang='lat' dir='ltr'><strong>te</strong></span> <span class='ocrx_word' id='word_1_235' title='bbox 1037 3667 1144 3720; x_wconf 81' lang='lat' dir='ltr'><strong>quoque</strong></span> <span class='ocrx_word' id='word_1_236' title='bbox 1162 3667 1213 3708; x_wconf 81' lang='lat' dir='ltr'><strong>eae</strong></span> <span class='ocrx_word' id='word_1_237' title='bbox 1231 3651 1304 3707; x_wconf 82' lang='lat' dir='ltr'><strong>douo</strong></span> <span class='ocrx_word' id='word_1_238' title='bbox 1323 3651 1389 3706; x_wconf 84' lang='lat' dir='ltr'><strong>dedi</strong></span> 
     </span>
     <span class='ocr_line' id='line_1_28' title="bbox 246 3743 779 3814; baseline 0.004 -18"><span class='ocrx_word' id='word_1_239' title='bbox 246 3757 297 3810; x_wconf 87' lang='lat' dir='ltr'><strong>pro</strong></span> <span class='ocrx_word' id='word_1_240' title='bbox 315 3761 423 3812; x_wconf 79' lang='lat' dir='ltr'><strong>quoque</strong></span> <span class='ocrx_word' id='word_1_241' title='bbox 441 3743 485 3797; x_wconf 85' lang='lat' dir='ltr'><strong>vel</strong></span> <span class='ocrx_word' id='word_1_242' title='bbox 502 3747 629 3814; x_wconf 83' lang='lat' dir='ltr'><strong>quodque</strong></span> <span class='ocrx_word' id='word_1_243' title='bbox 647 3743 779 3812; x_wconf 85' lang='lat' dir='ltr'><strong>debebit]</strong></span> 
     </span>
    </p>

    <p class='ocr_par' dir='ltr' id='par_1_13' title="bbox 247 3819 1386 4096">
     <span class='ocr_line' id='line_1_29' title="bbox 315 3819 1385 3907; baseline 0.003 -18"><span class='ocrx_word' id='word_1_244' title='bbox 315 3837 340 3904; x_wconf 61' lang='lat'><strong>²³)</strong></span> <span class='ocrx_word' id='word_1_245' title='bbox 372 3835 410 3904; x_wconf 90' lang='lat' dir='ltr'><strong>[in</strong></span> <span class='ocrx_word' id='word_1_246' title='bbox 432 3836 606 3906; x_wconf 72' lang='lat' dir='ltr'><strong>praefatione</strong></span> <span class='ocrx_word' id='word_1_247' title='bbox 630 3819 807 3892; x_wconf 68' lang='lat' dir='ltr'><strong>‘Truculento&#39;</strong></span> <span class='ocrx_word' id='word_1_248' title='bbox 829 3854 843 3892; x_wconf 88' lang='lat' dir='ltr'><strong>s</strong></span> <span class='ocrx_word' id='word_1_249' title='bbox 862 3839 956 3892; x_wconf 84' lang='lat' dir='ltr'><strong>codice</strong></span> <span class='ocrx_word' id='word_1_250' title='bbox 973 3837 1202 3907; x_wconf 85' lang='lat' dir='ltr'><strong>Heidelbergeusi</strong></span> <span class='ocrx_word' id='word_1_251' title='bbox 1223 3846 1385 3907; x_wconf 86' lang='lat' dir='ltr'><strong>expressae’</strong></span> 
     </span>
     <span class='ocr_line' id='line_1_30' title="bbox 247 3925 1386 4002; baseline 0 -19"><span class='ocrx_word' id='word_1_252' title='bbox 247 3925 370 3996; x_wconf 83' lang='lat' dir='ltr'><strong>(Vrstisl.</strong></span> <span class='ocrx_word' id='word_1_253' title='bbox 394 3945 418 3982; x_wconf 84' lang='lat' dir='ltr'><strong>a.</strong></span> <span class='ocrx_word' id='word_1_254' title='bbox 445 3933 533 4000; x_wconf 77' lang='lat'>1834):</span> <span class='ocrx_word' id='word_1_255' title='bbox 561 3927 591 3985; x_wconf 90' lang='lat' dir='ltr'><strong>id</strong></span> <span class='ocrx_word' id='word_1_256' title='bbox 616 3931 691 3998; x_wconf 90' lang='lat' dir='ltr'><strong>quod</strong></span> <span class='ocrx_word' id='word_1_257' title='bbox 720 3931 792 4001; x_wconf 83' lang='lat' dir='ltr'><strong>fugit</strong></span> <span class='ocrx_word' id='word_1_258' title='bbox 815 3931 939 3985; x_wconf 84' lang='lat' dir='ltr'><strong>Brixiam</strong></span> <span class='ocrx_word' id='word_1_259' title='bbox 968 3931 1140 4002; x_wconf 82' lang='lat' dir='ltr'><strong>(diseiplinae</strong></span> <span class='ocrx_word' id='word_1_260' title='bbox 1162 3930 1386 3986; x_wconf 85' lang='lat' dir='ltr'><strong>Vratislaviensis</strong></span> 
     </span>
     <span class='ocr_line' id='line_1_31' title="bbox 247 4021 1184 4096; baseline 0.004 -20"><span class='ocrx_word' id='word_1_261' title='bbox 247 4021 397 4090; x_wconf 83' lang='lat' dir='ltr'><strong>alurnnum)</strong></span> <span class='ocrx_word' id='word_1_262' title='bbox 415 4021 444 4075; x_wconf 89' lang='lat' dir='ltr'><strong>in</strong></span> <span class='ocrx_word' id='word_1_263' title='bbox 461 4022 631 4078; x_wconf 83' lang='lat' dir='ltr'><strong>Fleckeisoni</strong></span> <span class='ocrx_word' id='word_1_264' title='bbox 646 4024 745 4080; x_wconf 79' lang='lat' dir='ltr'><strong>Annral¹</strong></span> <span class='ocrx_word' id='word_1_265' title='bbox 762 4024 828 4094; x_wconf 90' lang='lat' dir='ltr'><strong>phil.</strong></span> <span class='ocrx_word' id='word_1_266' title='bbox 846 4026 866 4080; x_wconf 90' lang='lat' dir='ltr'><strong>t.</strong></span> <span class='ocrx_word' id='word_1_267' title='bbox 885 4032 916 4080; x_wconf 84' lang='lat'><strong>91</strong></span> <span class='ocrx_word' id='word_1_268' title='bbox 936 4026 972 4094; x_wconf 87' lang='lat' dir='ltr'><strong>(a.</strong></span> <span class='ocrx_word' id='word_1_269' title='bbox 993 4029 1067 4094; x_wconf 81' lang='grc'>1865)</span> <span class='ocrx_word' id='word_1_270' title='bbox 1086 4044 1112 4096; x_wconf 84' lang='lat' dir='ltr'><strong>p.</strong></span> <span class='ocrx_word' id='word_1_271' title='bbox 1133 4027 1184 4094; x_wconf 69' lang='grc'><strong>62]</strong></span> 
     </span>
    </p>

    <p class='ocr_par' dir='ltr' id='par_1_14' title="bbox 247 4116 1386 4283">
     <span class='ocr_line' id='line_1_32' title="bbox 316 4116 1386 4188; baseline 0.005 -20"><span class='ocrx_word' id='word_1_272' title='bbox 316 4117 357 4186; x_wconf 83' lang='lat'><strong>**)</strong></span> <span class='ocrx_word' id='word_1_273' title='bbox 377 4116 469 4188; x_wconf 89' lang='lat' dir='ltr'><strong>[Hune</strong></span> <span class='ocrx_word' id='word_1_274' title='bbox 487 4133 595 4172; x_wconf 78' lang='lat' dir='ltr'><strong>versum</strong></span> <span class='ocrx_word' id='word_1_275' title='bbox 610 4120 641 4173; x_wconf 89' lang='lat' dir='ltr'><strong>ut</strong></span> <span class='ocrx_word' id='word_1_276' title='bbox 653 4137 667 4173; x_wconf 89' lang='lat' dir='ltr'><strong>e</strong></span> <span class='ocrx_word' id='word_1_277' title='bbox 680 4117 849 4186; x_wconf 89' lang='lat' dir='ltr'><strong>reliquorum</strong></span> <span class='ocrx_word' id='word_1_278' title='bbox 867 4118 999 4174; x_wconf 84' lang='lat' dir='ltr'><strong>societate</strong></span> <span class='ocrx_word' id='word_1_279' title='bbox 1019 4119 1192 4174; x_wconf 87' lang='lat' dir='ltr'><strong>eximendum</strong></span> <span class='ocrx_word' id='word_1_280' title='bbox 1205 4137 1268 4174; x_wconf 87' lang='lat' dir='ltr'><strong>esse</strong></span> <span class='ocrx_word' id='word_1_281' title='bbox 1280 4119 1386 4174; x_wconf 89' lang='lat' dir='ltr'><strong>intelle·</strong></span> 
     </span>
     <span class='ocr_line' id='line_1_33' title="bbox 247 4209 1141 4283; baseline 0.002 -19"><span class='ocrx_word' id='word_1_282' title='bbox 247 4227 354 4278; x_wconf 82' lang='lat' dir='ltr'><strong>gamus,</strong></span> <span class='ocrx_word' id='word_1_283' title='bbox 374 4209 467 4264; x_wconf 84' lang='lat' dir='ltr'><strong>effecit</strong></span> <span class='ocrx_word' id='word_1_284' title='bbox 483 4211 647 4266; x_wconf 82' lang='lat' dir='ltr'><strong>Buecheleri</strong></span> <span class='ocrx_word' id='word_1_285' title='bbox 664 4211 821 4267; x_wconf 82' lang='lat' dir='ltr'><strong>emendatio</strong></span> <span class='ocrx_word' id='word_1_286' title='bbox 840 4213 874 4267; x_wconf 90' lang='lat' dir='ltr'><strong>de</strong></span> <span class='ocrx_word' id='word_1_287' title='bbox 893 4213 960 4268; x_wconf 86' lang='lat' dir='ltr'><strong>decl.</strong></span> <span class='ocrx_word' id='word_1_288' title='bbox 981 4213 1027 4268; x_wconf 84' lang='lat' dir='ltr'><strong>lat.</strong></span> <span class='ocrx_word' id='word_1_289' title='bbox 1047 4232 1076 4283; x_wconf 88' lang='lat' dir='ltr'><strong>p.</strong></span> <span class='ocrx_word' id='word_1_290' title='bbox 1095 4219 1141 4268; x_wconf 74' lang='lat'><strong>56:</strong></span> 
     </span>
    </p>

    <p class='ocr_par' dir='ltr' id='par_1_15' title="bbox 633 4332 1089 4410">
     <span class='ocr_line' id='line_1_34' title="bbox 633 4332 1089 4410; baseline 0 -24"><span class='ocrx_word' id='word_1_291' title='bbox 633 4332 768 4410; x_wconf 35' lang='lat' dir='ltr'><strong>&#39;perdam</strong></span> <span class='ocrx_word' id='word_1_292' title='bbox 785 4332 878 4403; x_wconf 88' lang='lat' dir='ltr'><strong>potius</strong></span> <span class='ocrx_word' id='word_1_293' title='bbox 896 4335 980 4400; x_wconf 79' lang='lat' dir='ltr'><strong>quam</strong></span> <span class='ocrx_word' id='word_1_294' title='bbox 999 4333 1089 4388; x_wconf 88' lang='lat' dir='ltr'><strong>sinam</strong></span> 
     </span>
    </p>
   </div>
   <div class='ocr_carea' id='block_1_12' title="bbox 448 4397 1183 4542">
    <p class='ocr_par' dir='ltr' id='par_1_16' title="bbox 448 4397 1183 4542">
     <span class='ocr_line' id='line_1_35' title="bbox 448 4397 1183 4523; baseline 0.004 -71"><span class='ocrx_word' id='word_1_295' title='bbox 448 4397 502 4477; x_wconf 37' lang='lat' dir='ltr'><strong>Me.</strong></span> <span class='ocrx_word' id='word_1_296' title='bbox 510 4398 614 4468; x_wconf 78' lang='lat' dir='ltr'><strong>inpune</strong></span> <span class='ocrx_word' id='word_1_297' title='bbox 631 4418 745 4454; x_wconf 85' lang='lat' dir='ltr'><strong>mrrsum</strong></span> <span class='ocrx_word' id='word_1_298' title='bbox 763 4419 835 4466; x_wconf 82' lang='lat' dir='ltr'><strong>esse,</strong></span> <span class='ocrx_word' id='word_1_299' title='bbox 854 4401 985 4486; x_wconf 36' lang='lat' dir='ltr'><strong>htbitum&#39;</strong></span> <span class='ocrx_word' id='word_1_300' title='bbox 1000 4400 1183 4523; x_wconf 72' lang='lat' dir='ltr'><strong>depeculttui.</strong></span> 
     </span>
     <span class='ocr_line' id='line_1_36' title="bbox 448 4467 1123 4542; baseline 0 -22"><span class='ocrx_word' id='word_1_301' title='bbox 448 4467 504 4522; x_wconf 87' lang='lat' dir='ltr'><strong>Mer</strong></span> <span class='ocrx_word' id='word_1_302' title='bbox 521 4471 559 4521; x_wconf 84' lang='lat' dir='ltr'><strong>sie</strong></span> <span class='ocrx_word' id='word_1_303' title='bbox 578 4469 645 4523; x_wconf 79' lang='lat' dir='ltr'><strong>datu</strong></span> <span class='ocrx_word' id='word_1_304' title='bbox 660 4481 723 4523; x_wconf 84' lang='lat' dir='ltr'><strong>esse</strong></span> <span class='ocrx_word' id='word_1_305' title='bbox 740 4471 826 4523; x_wconf 76' lang='lat' dir='ltr'><strong>verba</strong></span> <span class='ocrx_word' id='word_1_306' title='bbox 843 4473 984 4538; x_wconf 81' lang='lat' dir='ltr'><strong>praesenti</strong></span> <span class='ocrx_word' id='word_1_307' title='bbox 1002 4469 1123 4542; x_wconf 75' lang='lat' dir='ltr'><strong>psamt]</strong></span> 
     </span>
    </p>
   </div>
   <div class='ocr_carea' id='block_1_13' title="bbox 0 0 1657 5102">
    <p class='ocr_par' dir='ltr' id='par_1_17' title="bbox 0 0 1657 5102">
     <span class='ocr_line' id='line_1_37' title="bbox 0 0 1657 5102; baseline 0 0"><span class='ocrx_word' id='word_1_308' title='bbox 0 0 1657 5102; x_wconf 95' lang='lat' dir='ltr'><strong> </strong></span> 
     </span>
    </p>
   </div>
  </div>
 </body>
</html>
