3300 5102
533 367 806 418 nunnonrronss
829 365 1062 416 nuscnrorrs.
1309 344 1371 410 401

234 523 367 588 Piscibus
389 528 419 586 in
443 528 505 586 olto
538 528 631 588 credo
656 529 806 604 praebent
823 527 980 603 pabulam.
1025 518 1258 605 Menaechmon
1280 541 1310 582 v.
1335 518 1377 581 90

234 638 310 698 Dum
332 645 365 698 tu
387 634 435 697 illi
455 639 536 712 qaod
556 639 619 698 edet
640 645 670 697 et
691 639 774 713 quod
790 643 874 714 poter
892 637 1042 714 praebeas
1069 635 1132 695 Suo
1155 633 1314 695 brbilrotu
1329 651 1377 694 ns·

234 764 291 823 que
312 748 444 821 adfatim
467 749 600 808 cottidie.
645 743 727 808 Rud.
751 743 799 828 II,
824 745 854 827 6,
877 744 919 808 46
941 749 993 808 Ito
1015 746 1125 808 sblsonr
1144 745 1306 822 praehibet
1321 762 1379 821 po·

235 859 343 918 tionem
358 864 387 918 et
398 857 560 934 sripidum.
591 854 707 920 Persae
722 855 785 918 429
808 857 922 920 Eode'm
944 860 1020 920 mibi
1034 860 1135 936 pretio
1157 859 1205 918 sol
1220 857 1380 934 praebibe-

139 941 146 952 '
234 976 287 1030 tur
313 986 372 1044 qao
394 970 456 1030 tibi.
506 965 589 1030 Item
615 965 849 1031 Menaechmon
871 966 931 1032 801
967 968 1111 1042 ancillis,
1141 985 1254 1044 penam
1287 965 1382 1028 Recte

230 1081 401 1156 praehibet.
426 1113 468 1125 -
491 1075 639 1142 Ceterum
659 1082 843 1157 praebibere
863 1077 967 1141 forma
990 1079 1176 1141 constanter
1197 1097 1289 1140 usum
1312 1095 1380 1139 esse

235 1185 384 1252 Plautum
405 1186 507 1252 multa
528 1186 654 1252 faciunt
675 1191 711 1252 ut
734 1186 914 1252 credamus:
951 1187 1078 1272 qnando
1106 1189 1138 1251 et
1159 1193 1302 1252 debitore
1325 1185 1381 1249 ali-

237 1297 382 1382 quotiens
398 1300 558 1362 servatum
574 1301 623 1363 est
643 1320 701 1382 pro
724 1304 839 1382 debere,
864 1302 897 1363 et
910 1298 1015 1382 ipsum
1033 1303 1215 1379 praebibere
1228 1320 1295 1362 non
1310 1317 1382 1370 raro

236 1409 271 1473 in
292 1407 434 1495 vulgaris
461 1408 583 1473 formae
610 1411 716 1475 locum
739 1409 809 1474 libri
834 1408 980 1474 meliores
1002 1409 1217 1493 substituunt,
1250 1412 1283 1473 et
1310 1427 1381 1492 pro·

240 1518 416 1584 doctiorem
447 1520 584 1585 formam
618 1543 634 1586 e
666 1523 717 1586 tot
749 1521 901 1606 exemplis
938 1520 1062 1584 nullum
1094 1520 1217 1605 respuit
1253 1523 1382 1604 praeter

238 1651 336 1694 unum
358 1630 453 1715 idque
477 1631 583 1716 specie
604 1631 732 1697 fallens.
764 1631 856 1695 ‘Nam
878 1653 955 1695 sane
978 1629 1112 1696 Poenuli
1134 1629 1175 1714 V,
1200 1631 1230 1714 2,
1255 1631 1296 1696 93
1318 1651 1383 1694 mc—

238 1744 323 1805 trum
347 1763 413 1806 non
436 1741 500 1806 sert
522 1741 642 1826 dactyli
671 1763 742 1807 cum
765 1745 939 1826 anapaesto
963 1741 1232 1807 consociationem

390 1901 471 1978 Ergo
495 1901 544 1960 hlc
566 1902 647 1978 apud
669 1921 716 1962 me
737 1901 905 1978 hospitium
927 1901 984 1960 tibi
1006 1901 1242 1978 praehibtbitur.

239 2046 359 2112 Verum
380 2048 427 2113 ibi
449 2071 521 2114 cum
543 2055 598 2114 tr'be'
620 2071 798 2136 pronomen
821 2051 862 2114 ab
885 2049 1100 2115 Ambrosiano
1124 2050 1230 2115 codice
1252 2069 1382 2134 prorsus

240 2158 338 2240 absit,
369 2158 496 2243 quando
524 2161 784 2245 transpositionis
810 2160 931 2225 indicio
954 2183 1048 2246 saepe
1071 2165 1120 2226 est
1141 2160 1270 2226 omissio
1292 2182 1383 2225 voca-

240 2268 316 2352 buli,
340 2289 406 2333 non
429 2269 572 2352 profecto
595 2271 784 2336 audaculum
805 2259 913 2354 fuerit,
937 2271 1126 2355 praesertim
1148 2272 1183 2336 in
1205 2274 1273 2336 tam
1295 2270 1383 2336 male

239 2378 352 2443 habita
374 2399 506 2463 scaena,
531 2380 569 2444 de
591 2381 649 2445 tali
671 2403 765 2447 versu
787 2381 958 2466 suspicari:

391 2537 472 2617 Ergo
495 2540 553 2598 tibi
577 2541 658 2616 apud
680 2561 728 2600 me
750 2541 798 2600 hic
820 2541 985 2618 hospitium
1007 2541 1242 2618 praehibehitur.

243 2686 400 2772 [Accessit
426 2689 460 2753 in
493 2687 586 2760 huius
614 2689 785 2755 voluminis
814 2689 899 2754 Diss.
923 2689 953 2754 X
981 2713 1012 2774 p.
1038 2692 1069 2756 V
1095 2690 1175 2754 haec
1204 2691 1383 2757 adnotatio:

241 2799 361 2864 ‘Ornisi
390 2799 577 2864 lllercatoris
605 2821 731 2864 versum
753 2799 794 2882 V,
818 2801 856 2883 4,
880 2801 921 2866 63
951 2799 1056 2889 [1022]
1088 2801 1135 2864 sic
1161 2802 1322 2886 proditum
1349 2803 1384 2865 in

240 2907 345 2974 libris:
368 2914 404 2973 Si
418 2917 482 2988 qais
491 2913 683 2990 prohibuerit
700 2917 771 2990 plus
788 2915 998 2991 perdet-elom
1013 2919 1041 2974 se'
1055 2917 1248 2991 prohibuerit
1264 2919 1382 2992 putam.

240 3017 280 3084 In
302 3041 364 3104 qua
386 3019 544 3104 scriptura
572 3041 643 3086 cum
664 3020 718 3084 vix
740 3020 826 3085 aliud
848 3021 912 3086 nisi
933 3020 994 3086 hoc
1015 3021 1116 3086 lateat
1138 3021 1272 3087 sublatis
1295 3043 1383 3088 men-

246 3128 294 3193 dis
316 3130 512 3194 manifestis:

393 3253 426 3312 Si
453 3255 657 3331 prohibuerit,
688 3258 765 3318 cltm
793 3257 861 3333 plus
885 3259 997 3401 lperdet
1019 3260 1110 3334 quim
1132 3259 1157 3318 si
1180 3257 1384 3334 praehibuerit

845 3363 885 3420 l)a
897 3365 945 3402 am
956 3389 963 3417 r

240 3471 352 3538 relicta
374 3475 545 3538 esttamen
567 3473 842 3558 proceleusmatici
864 3473 1007 3558 pravitas
1030 3496 1087 3558 pro
1102 3474 1253 3540 trochaeo
1275 3474 1381 3560 positi.

241 3582 353 3668 Itaque
381 3582 445 3647 nisi
473 3583 665 3648 substituere
695 3591 873 3666 praebuerit
899 3587 1001 3650 voles:
1038 3585 1165 3670 quando
1199 3585 1301 3650 exitus
1330 3581 1384 3651 ille

242 3691 369 3758 fabulae
397 3692 482 3758 haud
509 3695 575 3758 scio
602 3717 644 3758 an
674 3699 747 3779 post
768 3694 918 3760 Plautum
946 3697 1072 3760 demum
1095 3695 1282 3760 accesserit:
1319 3718 1386 3760 una

242 3803 327 3868 salus
349 3804 452 3868 estin
475 3807 678 3884 praebibessr't
703 3807 822 3890 forma,
861 3805 901 3870 ad
938 3806 1026 3872 cuius
1060 3809 1169 3871 tamen
1204 3807 1384 3891 exemplum

243 3914 339 3978 etiam
360 3913 488 3978 initium
510 3936 619 3980 versus
648 3917 913 3982 conformandum
932 3918 1030 3981 luerit
1051 3921 1086 3982 Si
1103 3898 1298 3998 probibcssr't.
1343 3915 1387 3978 Et

243 4021 278 4085 in
298 4024 403 4110 legem
430 4025 574 4109 quidem,
609 4027 712 4109 qualis
739 4026 806 4092 illic
833 4027 949 4111 fertur,
983 4027 1044 4091 hoc
1072 4026 1256 4092 declinandi
1285 4047 1386 4111 genus

243 4128 410 4198 fatendum
434 4139 482 4200 eet
503 4134 652 4220 inprimis
675 4137 869 4202 couveniens
894 4135 1004 4224 csse.’]

330 4268 448 4345 Quodsi
470 4271 523 4335 vix
545 4272 623 4338 satis
639 4272 782 4358 dignam,
807 4294 888 4358 quae
911 4272 1125 4356 superioribus
1147 4272 1295 4354 societur,
1319 4275 1387 4336 tam

243 4379 415 4463 proclivem
449 4383 664 4447 coniecturam
698 4383 831 4466 (tinctis,
868 4405 909 4448 en
943 4383 1039 4446 aliam
1072 4382 1190 4446 habeto
1216 4405 1319 4467 quarn
1352 4382 1388 4446 in

294 4519 338 4554 ru.
356 4519 522 4556 srrscnsnrr
541 4519 685 4556 orvscvan
703 4521 735 4556 11.
895 4567 897 4572 Ι
1152 4485 1193 4549 26
