<?xml version="1.0" encoding="UTF-8"?>
<!DOCTYPE html PUBLIC "-//W3C//DTD XHTML 1.0 Transitional//EN"
    "http://www.w3.org/TR/xhtml1/DTD/xhtml1-transitional.dtd">
<html xmlns="http://www.w3.org/1999/xhtml" xml:lang="en" lang="en">
 <head>
  <title>
</title>
<meta http-equiv="Content-Type" content="text/html;charset=utf-8" />
  <meta name='ocr-system' content='tesseract 3.04.00' />
  <meta name='ocr-capabilities' content='ocr_page ocr_carea ocr_par ocr_line ocrx_word'/>
</head>
<body>
  <div class='ocr_page' id='page_1' title='image "./fridericiritsch10wachgoog/fridericiritsch10wachgoog_0287.png"; bbox 0 0 3300 5102; ppageno 0'>
   <div class='ocr_carea' id='block_1_1' title="bbox 274 331 1073 394">
    <p class='ocr_par' dir='ltr' id='par_1_1' title="bbox 274 331 1073 394">
     <span class='ocr_line' id='line_1_1' title="bbox 274 331 1073 394; baseline -0.01 -2"><span class='ocrx_word' id='word_1_1' title='bbox 274 331 337 394; x_wconf 75' lang='grc'>258</span> <span class='ocrx_word' id='word_1_2' title='bbox 615 341 837 390; x_wconf 77' lang='lat' dir='ltr'>oncssnnrvu</span> <span class='ocrx_word' id='word_1_3' title='bbox 858 339 1073 386; x_wconf 79' lang='lat' dir='ltr'>enavnuvu.</span> 
     </span>
    </p>
   </div>
   <div class='ocr_carea' id='block_1_2' title="bbox 276 487 1415 579">
    <p class='ocr_par' dir='ltr' id='par_1_2' title="bbox 276 487 1415 579">
     <span class='ocr_line' id='line_1_2' title="bbox 276 487 1415 579; baseline -0.011 -16"><span class='ocrx_word' id='word_1_4' title='bbox 276 521 348 562; x_wconf 86' lang='lat' dir='ltr'>cum</span> <span class='ocrx_word' id='word_1_5' title='bbox 365 504 521 579; x_wconf 76' lang='lat' dir='ltr'>pulmento</span> <span class='ocrx_word' id='word_1_6' title='bbox 542 493 744 577; x_wconf 80' lang='lat' dir='ltr'>uactr&#39;usculo)</span> <span class='ocrx_word' id='word_1_7' title='bbox 772 493 871 556; x_wconf 87' lang='lat' dir='ltr'>habes</span> <span class='ocrx_word' id='word_1_8' title='bbox 894 491 1011 555; x_wconf 85' lang='lat' dir='ltr'>ibidem</span> <span class='ocrx_word' id='word_1_9' title='bbox 1033 490 1065 572; x_wconf 99' lang='grc' dir='ltr'>Ι,</span> <span class='ocrx_word' id='word_1_10' title='bbox 1089 489 1126 572; x_wconf 97' lang='grc'>2,</span> <span class='ocrx_word' id='word_1_11' title='bbox 1150 489 1192 553; x_wconf 88' lang='grc'>84</span> <span class='ocrx_word' id='word_1_12' title='bbox 1220 489 1329 572; x_wconf 79' lang='grc'>(221)),</span> <span class='ocrx_word' id='word_1_13' title='bbox 1360 487 1415 550; x_wconf 90' lang='lat' dir='ltr'>ubi</span> 
     </span>
    </p>
   </div>
   <div class='ocr_carea' id='block_1_3' title="bbox 185 602 1029 682">
    <p class='ocr_par' dir='ltr' id='par_1_3' title="bbox 185 602 1029 682">
     <span class='ocr_line' id='line_1_3' title="bbox 185 602 1029 682; baseline -0.012 -8"><span class='ocrx_word' id='word_1_14' title='bbox 185 637 191 660; x_wconf 75' lang='lat'><strong><em>⁴</em></strong></span> <span class='ocrx_word' id='word_1_15' title='bbox 275 615 481 672; x_wconf 80' lang='lat' dir='ltr'>rrr&#39;tr&#39;dr‘ssr&#39;mum</span> <span class='ocrx_word' id='word_1_16' title='bbox 504 606 712 670; x_wconf 87' lang='lat' dir='ltr'>substitutum</span> <span class='ocrx_word' id='word_1_17' title='bbox 734 604 839 666; x_wconf 87' lang='lat' dir='ltr'>estin</span> <span class='ocrx_word' id='word_1_18' title='bbox 861 602 1029 682; x_wconf 76' lang='lat' dir='ltr'>Palatinis,</span> 
     </span>
    </p>
   </div>
   <div class='ocr_carea' id='block_1_4' title="bbox 204 710 1416 4438">
    <p class='ocr_par' dir='ltr' id='par_1_4' title="bbox 360 710 1350 797">
     <span class='ocr_line' id='line_1_4' title="bbox 360 710 1350 797; baseline -0.009 -15"><span class='ocrx_word' id='word_1_19' title='bbox 360 719 401 782; x_wconf 87' lang='lat'>69</span> <span class='ocrx_word' id='word_1_20' title='bbox 424 724 674 782; x_wconf 78' lang='lat' dir='ltr'>altrinsecus:</span> <span class='ocrx_word' id='word_1_21' title='bbox 697 715 741 778; x_wconf 93' lang='lat' dir='ltr'>ib.</span> <span class='ocrx_word' id='word_1_22' title='bbox 764 712 824 794; x_wconf 87' lang='lat'>111,</span> <span class='ocrx_word' id='word_1_23' title='bbox 847 712 879 794; x_wconf 91' lang='grc'>2,</span> <span class='ocrx_word' id='word_1_24' title='bbox 903 713 943 776; x_wconf 78' lang='grc'>73</span> <span class='ocrx_word' id='word_1_25' title='bbox 967 711 1075 797; x_wconf 80' lang='grc'>(8112);</span> <span class='ocrx_word' id='word_1_26' title='bbox 1098 711 1169 774; x_wconf 85' lang='lat' dir='ltr'>vide</span> <span class='ocrx_word' id='word_1_27' title='bbox 1192 710 1232 774; x_wconf 88' lang='lat' dir='ltr'>ad</span> <span class='ocrx_word' id='word_1_28' title='bbox 1255 713 1275 790; x_wconf 61' lang='lat' dir='ltr'>g</span> <span class='ocrx_word' id='word_1_29' title='bbox 1297 711 1350 773; x_wconf 78' lang='lat'>53.</span> 
     </span>
    </p>

    <p class='ocr_par' dir='ltr' id='par_1_5' title="bbox 274 821 1415 1790">
     <span class='ocr_line' id='line_1_5' title="bbox 361 821 1415 906; baseline -0.011 -12"><span class='ocrx_word' id='word_1_30' title='bbox 361 830 670 894; x_wconf 59' lang='lat' dir='ltr'>adextratores</span> <span class='ocrx_word' id='word_1_31' title='bbox 708 823 847 888; x_wconf 87' lang='lat' dir='ltr'>dubitari</span> <span class='ocrx_word' id='word_1_32' title='bbox 876 821 988 906; x_wconf 88' lang='lat' dir='ltr'>nequit</span> <span class='ocrx_word' id='word_1_33' title='bbox 1015 822 1092 905; x_wconf 92' lang='lat' dir='ltr'>quin</span> <span class='ocrx_word' id='word_1_34' title='bbox 1120 843 1235 886; x_wconf 87' lang='lat' dir='ltr'>evera</span> <span class='ocrx_word' id='word_1_35' title='bbox 1257 821 1415 904; x_wconf 89' lang='lat' dir='ltr'>scriptura</span> 
     </span>
     <span class='ocr_line' id='line_1_6' title="bbox 275 931 1415 1022; baseline -0.011 -17"><span class='ocrx_word' id='word_1_36' title='bbox 275 953 480 1017; x_wconf 84' lang='lat' dir='ltr'>transuersus,</span> <span class='ocrx_word' id='word_1_37' title='bbox 505 959 600 1022; x_wconf 90' lang='lat' dir='ltr'>quam</span> <span class='ocrx_word' id='word_1_38' title='bbox 622 935 700 999; x_wconf 88' lang='lat' dir='ltr'>satis</span> <span class='ocrx_word' id='word_1_39' title='bbox 722 934 829 996; x_wconf 89' lang='lat' dir='ltr'>firmat</span> <span class='ocrx_word' id='word_1_40' title='bbox 850 931 1005 996; x_wconf 84' lang='lat' dir='ltr'>Varronis</span> <span class='ocrx_word' id='word_1_41' title='bbox 1026 931 1261 1012; x_wconf 86' lang='lat' dir='ltr'>testimonium,</span> <span class='ocrx_word' id='word_1_42' title='bbox 1294 933 1326 994; x_wconf 90' lang='lat' dir='ltr'>et</span> <span class='ocrx_word' id='word_1_43' title='bbox 1348 931 1415 994; x_wconf 88' lang='lat' dir='ltr'>eius</span> 
     </span>
     <span class='ocr_line' id='line_1_7' title="bbox 275 1041 1414 1134; baseline -0.006 -22"><span class='ocrx_word' id='word_1_44' title='bbox 275 1050 562 1134; x_wconf 85' lang='lat' dir='ltr'>interpretamento</span> <span class='ocrx_word' id='word_1_45' title='bbox 589 1068 630 1110; x_wconf 79' lang='lat' dir='ltr'>ec</span> <span class='ocrx_word' id='word_1_46' title='bbox 664 1057 850 1122; x_wconf 81' lang='lat' dir='ltr'>transuerso,</span> <span class='ocrx_word' id='word_1_47' title='bbox 880 1042 963 1126; x_wconf 91' lang='lat' dir='ltr'>quod</span> <span class='ocrx_word' id='word_1_48' title='bbox 985 1042 1126 1106; x_wconf 76' lang='lat' dir='ltr'>Palatini</span> <span class='ocrx_word' id='word_1_49' title='bbox 1154 1041 1310 1126; x_wconf 82' lang='lat' dir='ltr'>produnt,</span> <span class='ocrx_word' id='word_1_50' title='bbox 1342 1063 1414 1105; x_wconf 92' lang='lat' dir='ltr'>con-</span> 
     </span>
     <span class='ocr_line' id='line_1_8' title="bbox 275 1151 1415 1238; baseline -0.005 -16"><span class='ocrx_word' id='word_1_51' title='bbox 275 1159 388 1223; x_wconf 90' lang='lat' dir='ltr'>flatum</span> <span class='ocrx_word' id='word_1_52' title='bbox 410 1159 453 1222; x_wconf 89' lang='lat' dir='ltr'>sit</span> <span class='ocrx_word' id='word_1_53' title='bbox 474 1157 623 1222; x_wconf 84' lang='lat' dir='ltr'>Pseuduli</span> <span class='ocrx_word' id='word_1_54' title='bbox 646 1177 738 1220; x_wconf 88' lang='lat' dir='ltr'>versu</span> <span class='ocrx_word' id='word_1_55' title='bbox 760 1153 816 1234; x_wconf 87' lang='lat' dir='ltr'>IV,</span> <span class='ocrx_word' id='word_1_56' title='bbox 835 1155 863 1235; x_wconf 90' lang='lat'>1,</span> <span class='ocrx_word' id='word_1_57' title='bbox 881 1153 923 1217; x_wconf 85' lang='lat'>45</span> <span class='ocrx_word' id='word_1_58' title='bbox 946 1151 1038 1238; x_wconf 84' lang='lat'>(955)</span> <span class='ocrx_word' id='word_1_59' title='bbox 1062 1156 1129 1218; x_wconf 83' lang='lat' dir='ltr'>No&#39;n</span> <span class='ocrx_word' id='word_1_60' title='bbox 1148 1174 1288 1232; x_wconf 81' lang='lat' dir='ltr'>prorsus,</span> <span class='ocrx_word' id='word_1_61' title='bbox 1313 1155 1415 1216; x_wconf 77' lang='lat' dir='ltr'>uerum</span> 
     </span>
     <span class='ocr_line' id='line_1_9' title="bbox 276 1263 1415 1347; baseline -0.008 -12"><span class='ocrx_word' id='word_1_62' title='bbox 276 1282 469 1335; x_wconf 75' lang='lat' dir='ltr'>transvorans</span> <span class='ocrx_word' id='word_1_63' title='bbox 490 1271 585 1344; x_wconf 81' lang='lat' dir='ltr'>ce&#39;dr&#39;t,</span> <span class='ocrx_word' id='word_1_64' title='bbox 610 1273 699 1346; x_wconf 82' lang='lat' dir='ltr'>quasi</span> <span class='ocrx_word' id='word_1_65' title='bbox 717 1269 831 1330; x_wconf 83' lang='lat' dir='ltr'>canrc&#39;r</span> <span class='ocrx_word' id='word_1_66' title='bbox 852 1269 942 1328; x_wconf 63' lang='lat' dir='ltr'>solet·</span> <span class='ocrx_word' id='word_1_67' title='bbox 978 1284 1059 1347; x_wconf 88' lang='lat' dir='ltr'>quac</span> <span class='ocrx_word' id='word_1_68' title='bbox 1082 1263 1231 1327; x_wconf 86' lang='lat' dir='ltr'>adverbia</span> <span class='ocrx_word' id='word_1_69' title='bbox 1259 1285 1335 1328; x_wconf 86' lang='lat' dir='ltr'>cave</span> <span class='ocrx_word' id='word_1_70' title='bbox 1357 1285 1415 1347; x_wconf 90' lang='lat' dir='ltr'>pro</span> 
     </span>
     <span class='ocr_line' id='line_1_10' title="bbox 275 1374 1414 1444; baseline -0.006 0"><span class='ocrx_word' id='word_1_71' title='bbox 275 1379 482 1444; x_wconf 74' lang='lat' dir='ltr'>nominativis</span> <span class='ocrx_word' id='word_1_72' title='bbox 504 1378 633 1442; x_wconf 82' lang='lat' dir='ltr'>habeas.</span> <span class='ocrx_word' id='word_1_73' title='bbox 671 1375 820 1440; x_wconf 90' lang='lat' dir='ltr'>Pluribus</span> <span class='ocrx_word' id='word_1_74' title='bbox 841 1375 880 1438; x_wconf 89' lang='lat' dir='ltr'>de</span> <span class='ocrx_word' id='word_1_75' title='bbox 902 1395 938 1438; x_wconf 89' lang='lat' dir='ltr'>eo</span> <span class='ocrx_word' id='word_1_76' title='bbox 962 1396 1053 1438; x_wconf 85' lang='lat' dir='ltr'>versu</span> <span class='ocrx_word' id='word_1_77' title='bbox 1075 1374 1196 1437; x_wconf 91' lang='lat' dir='ltr'>dictum</span> <span class='ocrx_word' id='word_1_78' title='bbox 1219 1374 1253 1437; x_wconf 92' lang='lat' dir='ltr'>in</span> <span class='ocrx_word' id='word_1_79' title='bbox 1275 1374 1414 1438; x_wconf 88' lang='lat' dir='ltr'>editione</span> 
     </span>
     <span class='ocr_line' id='line_1_11' title="bbox 276 1483 1415 1570; baseline -0.006 -16"><span class='ocrx_word' id='word_1_80' title='bbox 276 1492 343 1554; x_wconf 90' lang='lat' dir='ltr'>eius</span> <span class='ocrx_word' id='word_1_81' title='bbox 365 1488 503 1553; x_wconf 81' lang='lat' dir='ltr'>fabulae.</span> <span class='ocrx_word' id='word_1_82' title='bbox 549 1487 619 1551; x_wconf 91' lang='lat' dir='ltr'>Nisi</span> <span class='ocrx_word' id='word_1_83' title='bbox 648 1485 775 1570; x_wconf 90' lang='lat' dir='ltr'>quidem</span> <span class='ocrx_word' id='word_1_84' title='bbox 797 1484 953 1548; x_wconf 85' lang='lat' dir='ltr'>Varronis</span> <span class='ocrx_word' id='word_1_85' title='bbox 981 1484 1086 1548; x_wconf 86' lang='lat' dir='ltr'>verbis</span> <span class='ocrx_word' id='word_1_86' title='bbox 1113 1483 1148 1546; x_wconf 92' lang='lat' dir='ltr'>in</span> <span class='ocrx_word' id='word_1_87' title='bbox 1177 1483 1261 1548; x_wconf 91' lang='lat' dir='ltr'>hanc</span> <span class='ocrx_word' id='word_1_88' title='bbox 1290 1488 1415 1568; x_wconf 91' lang='lat' dir='ltr'>partem</span> 
     </span>
     <span class='ocr_line' id='line_1_12' title="bbox 275 1573 1412 1679; baseline -0.004 -15"><span class='ocrx_word' id='word_1_89' title='bbox 275 1605 379 1676; x_wconf 78' lang='lat' dir='ltr'>utere,</span> <span class='ocrx_word' id='word_1_90' title='bbox 407 1603 444 1663; x_wconf 85' lang='lat' dir='ltr'>ut</span> <span class='ocrx_word' id='word_1_91' title='bbox 466 1599 615 1662; x_wconf 89' lang='lat' dir='ltr'>Plautum</span> <span class='ocrx_word' id='word_1_92' title='bbox 643 1597 809 1679; x_wconf 82' lang='lat' dir='ltr'>scripsisse</span> <span class='ocrx_word' id='word_1_93' title='bbox 848 1573 883 1659; x_wconf 60' lang='lat'>17⁷!</span> <span class='ocrx_word' id='word_1_94' title='bbox 910 1606 1119 1671; x_wconf 77' lang='lat' dir='ltr'>transvorsos,</span> <span class='ocrx_word' id='word_1_95' title='bbox 1154 1598 1213 1658; x_wconf 83' lang='lat' dir='ltr'>adn</span> <span class='ocrx_word' id='word_1_96' title='bbox 1237 1617 1412 1674; x_wconf 83' lang='lat' dir='ltr'>procursus,</span> 
     </span>
     <span class='ocr_line' id='line_1_13' title="bbox 274 1704 1412 1790; baseline -0.006 -15"><span class='ocrx_word' id='word_1_97' title='bbox 274 1715 365 1789; x_wconf 81' lang='lat' dir='ltr'>ce&#39;dr&#39;t,</span> <span class='ocrx_word' id='word_1_98' title='bbox 390 1717 479 1790; x_wconf 77' lang='lat' dir='ltr'>quasi</span> <span class='ocrx_word' id='word_1_99' title='bbox 491 1712 605 1772; x_wconf 83' lang='lat' dir='ltr'>raace&#39;r</span> <span class='ocrx_word' id='word_1_100' title='bbox 626 1714 701 1772; x_wconf 82' lang='lat' dir='ltr'>solet</span> <span class='ocrx_word' id='word_1_101' title='bbox 722 1705 927 1769; x_wconf 79' lang='lat' dir='ltr'>ratiocinare:</span> <span class='ocrx_word' id='word_1_102' title='bbox 950 1725 1000 1774; x_wconf 84' lang='lat' dir='ltr'>me</span> <span class='ocrx_word' id='word_1_103' title='bbox 1016 1704 1142 1788; x_wconf 89' lang='lat' dir='ltr'>quidem</span> <span class='ocrx_word' id='word_1_104' title='bbox 1158 1726 1224 1770; x_wconf 90' lang='lat' dir='ltr'>non</span> <span class='ocrx_word' id='word_1_105' title='bbox 1246 1706 1412 1788; x_wconf 89' lang='lat' dir='ltr'>probante.</span> 
     </span>
    </p>

    <p class='ocr_par' dir='ltr' id='par_1_6' title="bbox 204 1814 1416 4438">
     <span class='ocr_line' id='line_1_14' title="bbox 360 1814 1415 1898; baseline -0.004 -14"><span class='ocrx_word' id='word_1_106' title='bbox 360 1823 398 1884; x_wconf 77' lang='lat'>71</span> <span class='ocrx_word' id='word_1_107' title='bbox 421 1826 563 1884; x_wconf 80' lang='lat' dir='ltr'>simitu:</span> <span class='ocrx_word' id='word_1_108' title='bbox 600 1817 714 1882; x_wconf 87' lang='lat' dir='ltr'>Pseud.</span> <span class='ocrx_word' id='word_1_109' title='bbox 738 1814 795 1897; x_wconf 86' lang='lat' dir='ltr'>IV,</span> <span class='ocrx_word' id='word_1_110' title='bbox 819 1816 857 1897; x_wconf 90' lang='grc'>2,</span> <span class='ocrx_word' id='word_1_111' title='bbox 880 1816 922 1876; x_wconf 77' lang='grc'>55</span> <span class='ocrx_word' id='word_1_112' title='bbox 950 1815 1062 1898; x_wconf 85' lang='grc'>(1012)</span> <span class='ocrx_word' id='word_1_113' title='bbox 1094 1819 1132 1879; x_wconf 80' lang='lat' dir='ltr'>Et</span> <span class='ocrx_word' id='word_1_114' title='bbox 1159 1837 1224 1880; x_wconf 88' lang='lat' dir='ltr'>cum</span> <span class='ocrx_word' id='word_1_115' title='bbox 1253 1815 1288 1880; x_wconf 76' lang='grc' dir='ltr'>ἑο</span> <span class='ocrx_word' id='word_1_116' title='bbox 1315 1823 1415 1880; x_wconf 78' lang='lat' dir='ltr'>simitu</span> 
     </span>
     <span class='ocr_line' id='line_1_15' title="bbox 274 1924 1416 2005; baseline -0.004 -10"><span class='ocrx_word' id='word_1_117' title='bbox 274 1934 425 1996; x_wconf 78' lang='lat' dir='ltr'>mulierem</span> <span class='ocrx_word' id='word_1_118' title='bbox 448 1931 526 1994; x_wconf 74' lang='lat' dir='ltr'>muri</span> <span class='ocrx_word' id='word_1_119' title='bbox 543 1935 627 1994; x_wconf 83' lang='lat' dir='ltr'>uolo:</span> <span class='ocrx_word' id='word_1_120' title='bbox 648 1927 702 1992; x_wconf 92' lang='lat' dir='ltr'>ubi</span> <span class='ocrx_word' id='word_1_121' title='bbox 719 1925 803 1989; x_wconf 89' lang='lat' dir='ltr'>solus</span> <span class='ocrx_word' id='word_1_122' title='bbox 817 1924 919 1988; x_wconf 91' lang='lat' dir='ltr'>Vetus</span> <span class='ocrx_word' id='word_1_123' title='bbox 934 1931 1014 1988; x_wconf 76' lang='lat' dir='ltr'>struit</span> <span class='ocrx_word' id='word_1_124' title='bbox 1035 1925 1183 2005; x_wconf 85' lang='lat' dir='ltr'>servavit,</span> <span class='ocrx_word' id='word_1_125' title='bbox 1208 1926 1304 1990; x_wconf 88' lang='lat' dir='ltr'>ceteri</span> <span class='ocrx_word' id='word_1_126' title='bbox 1326 1933 1416 1992; x_wconf 81' lang='lat' dir='ltr'>simul</span> 
     </span>
     <span class='ocr_line' id='line_1_16' title="bbox 274 2033 1414 2122; baseline -0.002 -18"><span class='ocrx_word' id='word_1_127' title='bbox 274 2041 520 2106; x_wconf 88' lang='lat' dir='ltr'>substituerunt.</span> <span class='ocrx_word' id='word_1_128' title='bbox 564 2039 647 2102; x_wconf 88' lang='lat' dir='ltr'>Item</span> <span class='ocrx_word' id='word_1_129' title='bbox 668 2037 754 2101; x_wconf 88' lang='lat' dir='ltr'>infra</span> <span class='ocrx_word' id='word_1_130' title='bbox 770 2040 790 2116; x_wconf 65' lang='grc' dir='ltr'><strong>ξ</strong></span> <span class='ocrx_word' id='word_1_131' title='bbox 806 2036 847 2099; x_wconf 77' lang='grc'>95</span> <span class='ocrx_word' id='word_1_132' title='bbox 870 2033 1005 2098; x_wconf 88' lang='lat' dir='ltr'>eStichi</span> <span class='ocrx_word' id='word_1_133' title='bbox 1021 2034 1063 2116; x_wconf 89' lang='grc' dir='ltr'>ΙΙ,</span> <span class='ocrx_word' id='word_1_134' title='bbox 1078 2035 1110 2116; x_wconf 90' lang='grc'>2,</span> <span class='ocrx_word' id='word_1_135' title='bbox 1132 2035 1174 2099; x_wconf 86' lang='grc'>66</span> <span class='ocrx_word' id='word_1_136' title='bbox 1197 2036 1288 2122; x_wconf 80' lang='grc'>(394)</span> <span class='ocrx_word' id='word_1_137' title='bbox 1311 2037 1414 2102; x_wconf 86' lang='lat' dir='ltr'>&#39;Immo</span> 
     </span>
     <span class='ocr_line' id='line_1_17' title="bbox 273 2145 1413 2228; baseline -0.005 -12"><span class='ocrx_word' id='word_1_138' title='bbox 273 2159 386 2216; x_wconf 80' lang='lat' dir='ltr'>venisse</span> <span class='ocrx_word' id='word_1_139' title='bbox 407 2149 473 2216; x_wconf 76' lang='lat' dir='ltr'>e&#39;um</span> <span class='ocrx_word' id='word_1_140' title='bbox 495 2154 595 2214; x_wconf 74' lang='lat' dir='ltr'>simitu</span> <span class='ocrx_word' id='word_1_141' title='bbox 610 2153 731 2212; x_wconf 74' lang='lat' dir='ltr'>aiebant</span> <span class='ocrx_word' id='word_1_142' title='bbox 746 2153 807 2210; x_wconf 81' lang='lat' dir='ltr'>r‘llr&#39;:</span> <span class='ocrx_word' id='word_1_143' title='bbox 829 2146 1068 2223; x_wconf 65' lang='lat' dir='ltr'>recharedus:</span> <span class='ocrx_word' id='word_1_144' title='bbox 1090 2145 1145 2209; x_wconf 94' lang='lat' dir='ltr'>ubi</span> <span class='ocrx_word' id='word_1_145' title='bbox 1167 2151 1294 2228; x_wconf 89' lang='lat' dir='ltr'>praeter</span> <span class='ocrx_word' id='word_1_146' title='bbox 1314 2169 1413 2211; x_wconf 92' lang='lat' dir='ltr'>unum</span> 
     </span>
     <span class='ocr_line' id='line_1_18' title="bbox 275 2255 1413 2341; baseline -0.004 -17"><span class='ocrx_word' id='word_1_147' title='bbox 275 2260 524 2324; x_wconf 88' lang='lat' dir='ltr'>Ambrosianum</span> <span class='ocrx_word' id='word_1_148' title='bbox 545 2258 619 2322; x_wconf 93' lang='lat' dir='ltr'>libri</span> <span class='ocrx_word' id='word_1_149' title='bbox 642 2278 752 2320; x_wconf 88' lang='lat' dir='ltr'>omnes</span> <span class='ocrx_word' id='word_1_150' title='bbox 773 2263 869 2320; x_wconf 81' lang='lat' dir='ltr'>simul.</span> <span class='ocrx_word' id='word_1_151' title='bbox 915 2255 1059 2318; x_wconf 80' lang='lat' dir='ltr'>Tertium</span> <span class='ocrx_word' id='word_1_152' title='bbox 1083 2255 1261 2339; x_wconf 85' lang='lat' dir='ltr'>exemplum</span> <span class='ocrx_word' id='word_1_153' title='bbox 1285 2279 1413 2341; x_wconf 82' lang='lat' dir='ltr'>excerp·</span> 
     </span>
     <span class='ocr_line' id='line_1_19' title="bbox 273 2365 1411 2452; baseline -0.004 -18"><span class='ocrx_word' id='word_1_154' title='bbox 273 2373 342 2434; x_wconf 91' lang='lat' dir='ltr'>tum</span> <span class='ocrx_word' id='word_1_155' title='bbox 364 2374 414 2434; x_wconf 88' lang='lat' dir='ltr'>est</span> <span class='ocrx_word' id='word_1_156' title='bbox 436 2369 534 2450; x_wconf 69' lang='lat'>§106</span> <span class='ocrx_word' id='word_1_157' title='bbox 557 2390 594 2432; x_wconf 86' lang='lat' dir='ltr'>ex</span> <span class='ocrx_word' id='word_1_158' title='bbox 618 2365 864 2451; x_wconf 86' lang='lat' dir='ltr'>Amphitruonis</span> <span class='ocrx_word' id='word_1_159' title='bbox 886 2366 927 2447; x_wconf 88' lang='lat' dir='ltr'>H,</span> <span class='ocrx_word' id='word_1_160' title='bbox 950 2369 977 2446; x_wconf 89' lang='lat'>1,</span> <span class='ocrx_word' id='word_1_161' title='bbox 1002 2366 1043 2430; x_wconf 84' lang='lat'>84</span> <span class='ocrx_word' id='word_1_162' title='bbox 1065 2367 1156 2452; x_wconf 87' lang='lat'>(631)</span> <span class='ocrx_word' id='word_1_163' title='bbox 1179 2369 1247 2432; x_wconf 80' lang='lat' dir='ltr'>No‘n</span> <span class='ocrx_word' id='word_1_164' title='bbox 1269 2389 1325 2445; x_wconf 70' lang='lat' dir='ltr'>eqo</span> <span class='ocrx_word' id='word_1_165' title='bbox 1346 2389 1411 2432; x_wconf 88' lang='lat' dir='ltr'>cum</span> 
     </span>
     <span class='ocr_line' id='line_1_20' title="bbox 274 2475 1412 2560; baseline -0.006 -14"><span class='ocrx_word' id='word_1_166' title='bbox 274 2485 341 2546; x_wconf 78' lang='lat' dir='ltr'>vind</span> <span class='ocrx_word' id='word_1_167' title='bbox 362 2488 463 2546; x_wconf 78' lang='lat' dir='ltr'>simitu</span> <span class='ocrx_word' id='word_1_168' title='bbox 484 2482 565 2543; x_wconf 68' lang='lat' dir='ltr'>derbe·</span> <span class='ocrx_word' id='word_1_169' title='bbox 585 2479 742 2558; x_wconf 78' lang='lat' dir='ltr'>imperium</span> <span class='ocrx_word' id='word_1_170' title='bbox 765 2489 857 2541; x_wconf 81' lang='lat' dir='ltr'>tuum.</span> <span class='ocrx_word' id='word_1_171' title='bbox 902 2475 1057 2552; x_wconf 84' lang='lat' dir='ltr'>Quotiens</span> <span class='ocrx_word' id='word_1_172' title='bbox 1079 2477 1170 2549; x_wconf 18' lang='lat' dir='ltr'>*hanc</span> <span class='ocrx_word' id='word_1_173' title='bbox 1191 2477 1343 2560; x_wconf 85' lang='lat' dir='ltr'>formam,</span> <span class='ocrx_word' id='word_1_174' title='bbox 1374 2477 1412 2540; x_wconf 86' lang='lat' dir='ltr'>dc</span> 
     </span>
     <span class='ocr_line' id='line_1_21' title="bbox 274 2587 1410 2671; baseline -0.004 -16"><span class='ocrx_word' id='word_1_175' title='bbox 274 2592 362 2656; x_wconf 90' lang='lat' dir='ltr'>cuius</span> <span class='ocrx_word' id='word_1_176' title='bbox 384 2611 534 2654; x_wconf 85' lang='lat' dir='ltr'>mensura</span> <span class='ocrx_word' id='word_1_177' title='bbox 556 2587 728 2652; x_wconf 90' lang='lat' dir='ltr'>bacchiaca</span> <span class='ocrx_word' id='word_1_178' title='bbox 751 2587 805 2650; x_wconf 93' lang='lat' dir='ltr'>diu</span> <span class='ocrx_word' id='word_1_179' title='bbox 828 2590 877 2650; x_wconf 88' lang='lat' dir='ltr'>eat</span> <span class='ocrx_word' id='word_1_180' title='bbox 899 2609 937 2650; x_wconf 81' lang='lat' dir='ltr'>ex</span> <span class='ocrx_word' id='word_1_181' title='bbox 959 2609 1022 2671; x_wconf 89' lang='lat' dir='ltr'>quo</span> <span class='ocrx_word' id='word_1_182' title='bbox 1046 2591 1172 2652; x_wconf 89' lang='lat' dir='ltr'>constat</span> <span class='ocrx_word' id='word_1_183' title='bbox 1194 2587 1410 2671; x_wconf 87' lang='lat' dir='ltr'>Kampmanni</span> 
     </span>
     <span class='ocr_line' id='line_1_22' title="bbox 273 2697 1412 2785; baseline -0.003 -20"><span class='ocrx_word' id='word_1_184' title='bbox 273 2700 498 2785; x_wconf 89' lang='lat' dir='ltr'>disputatione,</span> <span class='ocrx_word' id='word_1_185' title='bbox 521 2698 595 2763; x_wconf 90' lang='lat' dir='ltr'>libri</span> <span class='ocrx_word' id='word_1_186' title='bbox 617 2697 759 2762; x_wconf 85' lang='lat' dir='ltr'>Plautini</span> <span class='ocrx_word' id='word_1_187' title='bbox 782 2697 998 2777; x_wconf 86' lang='lat' dir='ltr'>servaverint,</span> <span class='ocrx_word' id='word_1_188' title='bbox 1029 2699 1094 2762; x_wconf 85' lang='lat' dir='ltr'>dixi</span> <span class='ocrx_word' id='word_1_189' title='bbox 1115 2699 1150 2763; x_wconf 89' lang='lat' dir='ltr'>in</span> <span class='ocrx_word' id='word_1_190' title='bbox 1173 2697 1412 2784; x_wconf 86' lang='lat' dir='ltr'>Prolegomenis</span> 
     </span>
     <span class='ocr_line' id='line_1_23' title="bbox 273 2807 1413 2894; baseline -0.003 -18"><span class='ocrx_word' id='word_1_191' title='bbox 273 2835 304 2894; x_wconf 92' lang='lat' dir='ltr'>p.</span> <span class='ocrx_word' id='word_1_192' title='bbox 329 2809 475 2893; x_wconf 81' lang='lat' dir='ltr'>OXLIH3</span> <span class='ocrx_word' id='word_1_193' title='bbox 498 2809 612 2893; x_wconf 90' lang='lat' dir='ltr'>quibus</span> <span class='ocrx_word' id='word_1_194' title='bbox 634 2808 710 2872; x_wconf 88' lang='lat' dir='ltr'>locis</span> <span class='ocrx_word' id='word_1_195' title='bbox 732 2809 772 2871; x_wconf 91' lang='lat' dir='ltr'>de</span> <span class='ocrx_word' id='word_1_196' title='bbox 794 2807 993 2872; x_wconf 86' lang='lat' dir='ltr'>restituenda</span> <span class='ocrx_word' id='word_1_197' title='bbox 1015 2809 1135 2873; x_wconf 87' lang='lat' dir='ltr'>rariore</span> <span class='ocrx_word' id='word_1_198' title='bbox 1161 2816 1279 2875; x_wconf 70' lang='lat' dir='ltr'>similar</span> <span class='ocrx_word' id='word_1_199' title='bbox 1309 2809 1413 2874; x_wconf 81' lang='lat' dir='ltr'>forma</span> 
     </span>
     <span class='ocr_line' id='line_1_24' title="bbox 272 2917 1413 3005; baseline -0.001 -20"><span class='ocrx_word' id='word_1_200' title='bbox 272 2943 337 2986; x_wconf 89' lang='lat' dir='ltr'>non</span> <span class='ocrx_word' id='word_1_201' title='bbox 360 2922 469 3005; x_wconf 84' lang='lat' dir='ltr'>inepte</span> <span class='ocrx_word' id='word_1_202' title='bbox 492 2919 658 3004; x_wconf 80' lang='lat' dir='ltr'>cogitetur,</span> <span class='ocrx_word' id='word_1_203' title='bbox 682 2917 862 3002; x_wconf 81' lang='lat' dir='ltr'>significavi</span> <span class='ocrx_word' id='word_1_204' title='bbox 877 2917 912 2982; x_wconf 92' lang='lat' dir='ltr'>in</span> <span class='ocrx_word' id='word_1_205' title='bbox 927 2918 1145 3004; x_wconf 80' lang='lat' dir='ltr'>Anthologiac</span> <span class='ocrx_word' id='word_1_206' title='bbox 1167 2920 1223 2985; x_wconf 91' lang='lat' dir='ltr'>lat.</span> <span class='ocrx_word' id='word_1_207' title='bbox 1248 2920 1413 2986; x_wconf 88' lang='lat' dir='ltr'>corollario</span> 
     </span>
     <span class='ocr_line' id='line_1_25' title="bbox 272 3028 1413 3116; baseline -0.001 -21"><span class='ocrx_word' id='word_1_208' title='bbox 272 3031 480 3116; x_wconf 82' lang='lat' dir='ltr'>epigraphico</span> <span class='ocrx_word' id='word_1_209' title='bbox 503 3031 635 3094; x_wconf 85' lang='lat' dir='ltr'>Bonnca</span> <span class='ocrx_word' id='word_1_210' title='bbox 658 3029 743 3093; x_wconf 91' lang='lat' dir='ltr'>edito</span> <span class='ocrx_word' id='word_1_211' title='bbox 765 3049 795 3092; x_wconf 88' lang='lat' dir='ltr'>a.</span> <span class='ocrx_word' id='word_1_212' title='bbox 821 3028 902 3092; x_wconf 82' lang='lat'>1853</span> <span class='ocrx_word' id='word_1_213' title='bbox 924 3051 956 3111; x_wconf 90' lang='lat' dir='ltr'>p.</span> <span class='ocrx_word' id='word_1_214' title='bbox 980 3028 1058 3092; x_wconf 91' lang='lat' dir='ltr'><strong>XII:</strong></span> <span class='ocrx_word' id='word_1_215' title='bbox 1087 3051 1149 3114; x_wconf 90' lang='lat' dir='ltr'>quo</span> <span class='ocrx_word' id='word_1_216' title='bbox 1170 3030 1239 3115; x_wconf 89' lang='lat' dir='ltr'>ipsc</span> <span class='ocrx_word' id='word_1_217' title='bbox 1260 3031 1314 3096; x_wconf 90' lang='lat' dir='ltr'>ille</span> <span class='ocrx_word' id='word_1_218' title='bbox 1337 3033 1413 3095; x_wconf 89' lang='lat' dir='ltr'>Am-</span> 
     </span>
     <span class='ocr_line' id='line_1_26' title="bbox 271 3138 1412 3225; baseline 0 -20"><span class='ocrx_word' id='word_1_219' title='bbox 271 3141 453 3225; x_wconf 89' lang='lat' dir='ltr'>phitruonis</span> <span class='ocrx_word' id='word_1_220' title='bbox 476 3160 583 3204; x_wconf 87' lang='lat' dir='ltr'>versus</span> <span class='ocrx_word' id='word_1_221' title='bbox 611 3140 765 3222; x_wconf 87' lang='lat' dir='ltr'>pertinet,</span> <span class='ocrx_word' id='word_1_222' title='bbox 794 3138 930 3201; x_wconf 89' lang='lat' dir='ltr'>fortasse</span> <span class='ocrx_word' id='word_1_223' title='bbox 959 3139 1096 3204; x_wconf 85' lang='lat' dir='ltr'>etiams</span> <span class='ocrx_word' id='word_1_224' title='bbox 1119 3139 1229 3204; x_wconf 82' lang='lat' dir='ltr'>Sticho</span> <span class='ocrx_word' id='word_1_225' title='bbox 1257 3141 1412 3224; x_wconf 84' lang='lat' dir='ltr'>prolatus,</span> 
     </span>
     <span class='ocr_line' id='line_1_27' title="bbox 272 3248 1412 3332; baseline 0.002 -18"><span class='ocrx_word' id='word_1_226' title='bbox 272 3253 299 3314; x_wconf 93' lang='lat' dir='ltr'>si</span> <span class='ocrx_word' id='word_1_227' title='bbox 321 3251 414 3316; x_wconf 90' lang='lat' dir='ltr'>modo</span> <span class='ocrx_word' id='word_1_228' title='bbox 435 3250 480 3315; x_wconf 92' lang='lat' dir='ltr'>ibi</span> <span class='ocrx_word' id='word_1_229' title='bbox 501 3257 621 3316; x_wconf 70' lang='lat' dir='ltr'>similar</span> <span class='ocrx_word' id='word_1_230' title='bbox 642 3255 747 3313; x_wconf 78' lang='lat' dir='ltr'>aibant</span> <span class='ocrx_word' id='word_1_231' title='bbox 772 3248 971 3332; x_wconf 84' lang='lat' dir='ltr'>praetuleris.</span> <span class='ocrx_word' id='word_1_232' title='bbox 1018 3248 1191 3314; x_wconf 84' lang='lat' dir='ltr'>Certiorem</span> <span class='ocrx_word' id='word_1_233' title='bbox 1219 3251 1412 3316; x_wconf 87' lang='lat' dir='ltr'>emendatio·</span> 
     </span>
     <span class='ocr_line' id='line_1_28' title="bbox 271 3357 1412 3444; baseline 0 -18"><span class='ocrx_word' id='word_1_234' title='bbox 271 3383 346 3426; x_wconf 92' lang='lat' dir='ltr'>nem</span> <span class='ocrx_word' id='word_1_235' title='bbox 367 3359 585 3426; x_wconf 88' lang='lat' dir='ltr'>Mostellariae</span> <span class='ocrx_word' id='word_1_236' title='bbox 606 3359 711 3422; x_wconf 87' lang='lat' dir='ltr'>versui</span> <span class='ocrx_word' id='word_1_237' title='bbox 733 3357 793 3442; x_wconf 91' lang='grc' dir='ltr'>ΙΠ,</span> <span class='ocrx_word' id='word_1_238' title='bbox 817 3358 848 3440; x_wconf 92' lang='grc'>2,</span> <span class='ocrx_word' id='word_1_239' title='bbox 875 3359 934 3424; x_wconf 80' lang='lat'>105</span> <span class='ocrx_word' id='word_1_240' title='bbox 957 3359 1048 3444; x_wconf 75' lang='lat'>(792)</span> <span class='ocrx_word' id='word_1_241' title='bbox 1072 3359 1249 3424; x_wconf 85' lang='lat' dir='ltr'>adhibitam</span> <span class='ocrx_word' id='word_1_242' title='bbox 1273 3365 1340 3439; x_wconf 69' lang='lat' dir='ltr'>Epo</span> <span class='ocrx_word' id='word_1_243' title='bbox 1361 3362 1412 3426; x_wconf 86' lang='lat' dir='ltr'>ln&#39;c</span> 
     </span>
     <span class='ocr_line' id='line_1_29' title="bbox 204 3468 1411 3552; baseline 0.001 -17"><span class='ocrx_word' id='word_1_244' title='bbox 204 3497 205 3502; x_wconf 48' lang='lat'>¹</span> <span class='ocrx_word' id='word_1_245' title='bbox 270 3493 334 3535; x_wconf 84' lang='lat' dir='ltr'>esse</span> <span class='ocrx_word' id='word_1_246' title='bbox 359 3485 389 3536; x_wconf 81' lang='lat' dir='ltr'>et</span> <span class='ocrx_word' id='word_1_247' title='bbox 414 3471 461 3535; x_wconf 80' lang='lat' dir='ltr'>illi</span> <span class='ocrx_word' id='word_1_248' title='bbox 481 3473 597 3536; x_wconf 67' lang='lat' dir='ltr'>amatur</span> <span class='ocrx_word' id='word_1_249' title='bbox 618 3475 681 3533; x_wconf 73' lang='lat' dir='ltr'>Isau</span> <span class='ocrx_word' id='word_1_250' title='bbox 705 3471 791 3549; x_wconf 79' lang='lat' dir='ltr'>pdtur&#39;</span> <span class='ocrx_word' id='word_1_251' title='bbox 817 3468 1022 3533; x_wconf 84' lang='lat' dir='ltr'>Fleckeiscno</span> <span class='ocrx_word' id='word_1_252' title='bbox 1044 3469 1193 3552; x_wconf 87' lang='lat' dir='ltr'>probavi,</span> <span class='ocrx_word' id='word_1_253' title='bbox 1223 3471 1257 3536; x_wconf 90' lang='lat' dir='ltr'>in</span> <span class='ocrx_word' id='word_1_254' title='bbox 1280 3471 1411 3536; x_wconf 85' lang='lat' dir='ltr'>vitiosas</span> 
     </span>
     <span class='ocr_line' id='line_1_30' title="bbox 267 3579 1410 3661; baseline 0 -15"><span class='ocrx_word' id='word_1_255' title='bbox 267 3588 367 3661; x_wconf 78' lang='lat' dir='ltr'>potiri</span> <span class='ocrx_word' id='word_1_256' title='bbox 386 3588 513 3647; x_wconf 64' lang='lat' dir='ltr'>iustitias</span> <span class='ocrx_word' id='word_1_257' title='bbox 532 3580 651 3644; x_wconf 80' lang='lat' dir='ltr'>formas</span> <span class='ocrx_word' id='word_1_258' title='bbox 679 3579 793 3643; x_wconf 88' lang='lat' dir='ltr'>merita</span> <span class='ocrx_word' id='word_1_259' title='bbox 823 3579 993 3643; x_wconf 85' lang='lat' dir='ltr'>severitate</span> <span class='ocrx_word' id='word_1_260' title='bbox 1016 3579 1285 3646; x_wconf 87' lang='lat' dir='ltr'>animadvortenti</span> <span class='ocrx_word' id='word_1_261' title='bbox 1308 3581 1410 3646; x_wconf 87' lang='lat' dir='ltr'>Musei</span> 
     </span>
     <span class='ocr_line' id='line_1_31' title="bbox 271 3689 1409 3775; baseline 0.003 -21"><span class='ocrx_word' id='word_1_262' title='bbox 271 3691 333 3756; x_wconf 89' lang='lat' dir='ltr'>Rh.</span> <span class='ocrx_word' id='word_1_263' title='bbox 350 3695 374 3756; x_wconf 92' lang='lat' dir='ltr'>t.</span> <span class='ocrx_word' id='word_1_264' title='bbox 399 3691 476 3754; x_wconf 86' lang='lat' dir='ltr'>XIV</span> <span class='ocrx_word' id='word_1_265' title='bbox 498 3714 530 3775; x_wconf 94' lang='lat' dir='ltr'>p.</span> <span class='ocrx_word' id='word_1_266' title='bbox 554 3689 626 3754; x_wconf 87' lang='grc'>623.</span> <span class='ocrx_word' id='word_1_267' title='bbox 672 3689 736 3754; x_wconf 86' lang='lat' dir='ltr'>Vbi</span> <span class='ocrx_word' id='word_1_268' title='bbox 758 3690 842 3772; x_wconf 92' lang='lat' dir='ltr'>quod</span> <span class='ocrx_word' id='word_1_269' title='bbox 863 3709 966 3773; x_wconf 88' lang='lat' dir='ltr'>nuper</span> <span class='ocrx_word' id='word_1_270' title='bbox 987 3689 1187 3773; x_wconf 89' lang='lat' dir='ltr'>propositum</span> <span class='ocrx_word' id='word_1_271' title='bbox 1210 3691 1284 3775; x_wconf 86' lang='lat' dir='ltr'>vidi,</span> <span class='ocrx_word' id='word_1_272' title='bbox 1308 3699 1409 3758; x_wconf 71' lang='lat' dir='ltr'>sintita</span> 
     </span>
     <span class='ocr_line' id='line_1_32' title="bbox 270 3800 1410 3884; baseline -0.001 -17"><span class='ocrx_word' id='word_1_273' title='bbox 270 3824 332 3868; x_wconf 80' lang='lat' dir='ltr'>rura</span> <span class='ocrx_word' id='word_1_274' title='bbox 353 3807 416 3866; x_wconf 80' lang='lat' dir='ltr'>hau</span> <span class='ocrx_word' id='word_1_275' title='bbox 432 3808 530 3882; x_wconf 80' lang='lat' dir='ltr'>potui,</span> <span class='ocrx_word' id='word_1_276' title='bbox 554 3800 589 3864; x_wconf 90' lang='lat' dir='ltr'>in</span> <span class='ocrx_word' id='word_1_277' title='bbox 610 3803 761 3884; x_wconf 90' lang='lat' dir='ltr'>promptu</span> <span class='ocrx_word' id='word_1_278' title='bbox 783 3821 851 3863; x_wconf 87' lang='lat' dir='ltr'>esse</span> <span class='ocrx_word' id='word_1_279' title='bbox 872 3802 950 3882; x_wconf 90' lang='lat' dir='ltr'>puto</span> <span class='ocrx_word' id='word_1_280' title='bbox 973 3821 1028 3862; x_wconf 91' lang='lat' dir='ltr'>cur</span> <span class='ocrx_word' id='word_1_281' title='bbox 1049 3821 1115 3864; x_wconf 92' lang='lat' dir='ltr'>non</span> <span class='ocrx_word' id='word_1_282' title='bbox 1138 3801 1239 3884; x_wconf 87' lang='lat' dir='ltr'>possit</span> <span class='ocrx_word' id='word_1_283' title='bbox 1260 3823 1326 3866; x_wconf 91' lang='lat' dir='ltr'>non</span> <span class='ocrx_word' id='word_1_284' title='bbox 1348 3802 1410 3866; x_wconf 89' lang='lat' dir='ltr'>dis-</span> 
     </span>
     <span class='ocr_line' id='line_1_33' title="bbox 270 3908 1409 3996; baseline 0.001 -20"><span class='ocrx_word' id='word_1_285' title='bbox 270 3913 398 3996; x_wconf 85' lang='lat' dir='ltr'>plicere.</span> <span class='ocrx_word' id='word_1_286' title='bbox 421 3947 462 3960; x_wconf 85' lang='lat'>—·</span> <span class='ocrx_word' id='word_1_287' title='bbox 486 3911 633 3976; x_wconf 78' lang='lat' dir='ltr'>Ceterum</span> <span class='ocrx_word' id='word_1_288' title='bbox 648 3909 797 3974; x_wconf 87' lang='lat' dir='ltr'>Pseuduli</span> <span class='ocrx_word' id='word_1_289' title='bbox 812 3908 872 3992; x_wconf 87' lang='grc' dir='ltr'>ΠΙ,</span> <span class='ocrx_word' id='word_1_290' title='bbox 892 3910 919 3990; x_wconf 87' lang='lat' dir='ltr'>l,</span> <span class='ocrx_word' id='word_1_291' title='bbox 936 3909 957 3972; x_wconf 80' lang='lat'><strong><em>2</em></strong></span> <span class='ocrx_word' id='word_1_292' title='bbox 980 3910 1070 3994; x_wconf 68' lang='lat' dir='ltr'>(tot)</span> <span class='ocrx_word' id='word_1_293' title='bbox 1094 3911 1178 3994; x_wconf 93' lang='lat' dir='ltr'>quod</span> <span class='ocrx_word' id='word_1_294' title='bbox 1198 3917 1300 3976; x_wconf 77' lang='lat' dir='ltr'>simitu</span> <span class='ocrx_word' id='word_1_295' title='bbox 1321 3933 1409 3991; x_wconf 83' lang='lat' dir='ltr'>quom</span> 
     </span>
     <span class='ocr_line' id='line_1_34' title="bbox 269 4018 1409 4106; baseline 0 -20"><span class='ocrx_word' id='word_1_296' title='bbox 269 4022 371 4106; x_wconf 87' lang='lat' dir='ltr'>posui,</span> <span class='ocrx_word' id='word_1_297' title='bbox 394 4021 428 4085; x_wconf 95' lang='lat' dir='ltr'>id</span> <span class='ocrx_word' id='word_1_298' title='bbox 450 4022 610 4086; x_wconf 88' lang='lat' dir='ltr'>neminem</span> <span class='ocrx_word' id='word_1_299' title='bbox 633 4020 738 4106; x_wconf 82' lang='lat' dir='ltr'>fugiet</span> <span class='ocrx_word' id='word_1_300' title='bbox 756 4018 900 4103; x_wconf 83' lang='lat' dir='ltr'>exemplo</span> <span class='ocrx_word' id='word_1_301' title='bbox 922 4022 1049 4084; x_wconf 88' lang='lat' dir='ltr'>tantum</span> <span class='ocrx_word' id='word_1_302' title='bbox 1071 4043 1121 4085; x_wconf 90' lang='lat' dir='ltr'>me</span> <span class='ocrx_word' id='word_1_303' title='bbox 1142 4021 1277 4086; x_wconf 86' lang='lat' dir='ltr'>voluisse</span> <span class='ocrx_word' id='word_1_304' title='bbox 1300 4043 1409 4086; x_wconf 89' lang='lat' dir='ltr'>eorum</span> 
     </span>
     <span class='ocr_line' id='line_1_35' title="bbox 270 4130 1408 4215; baseline 0 -19"><span class='ocrx_word' id='word_1_305' title='bbox 270 4153 356 4214; x_wconf 89' lang='lat' dir='ltr'>csse,</span> <span class='ocrx_word' id='word_1_306' title='bbox 381 4153 461 4215; x_wconf 88' lang='lat' dir='ltr'>quac</span> <span class='ocrx_word' id='word_1_307' title='bbox 482 4130 570 4215; x_wconf 91' lang='lat' dir='ltr'>turpi</span> <span class='ocrx_word' id='word_1_308' title='bbox 593 4131 880 4214; x_wconf 86' lang='lat' dir='ltr'>interpretamento</span> <span class='ocrx_word' id='word_1_309' title='bbox 903 4131 1035 4195; x_wconf 86' lang='lat' dir='ltr'>cessisse</span> <span class='ocrx_word' id='word_1_310' title='bbox 1056 4131 1294 4196; x_wconf 84' lang='lat' dir='ltr'>intellexissem.</span> <span class='ocrx_word' id='word_1_311' title='bbox 1341 4133 1408 4196; x_wconf 87' lang='lat' dir='ltr'>Ali-</span> 
     </span>
     <span class='ocr_line' id='line_1_36' title="bbox 269 4239 1408 4325; baseline 0 -19"><span class='ocrx_word' id='word_1_312' title='bbox 269 4240 477 4325; x_wconf 88' lang='lat' dir='ltr'>quantoplus</span> <span class='ocrx_word' id='word_1_313' title='bbox 492 4241 575 4322; x_wconf 88' lang='lat' dir='ltr'>fidei,</span> <span class='ocrx_word' id='word_1_314' title='bbox 591 4240 654 4305; x_wconf 89' lang='lat' dir='ltr'>nisi</span> <span class='ocrx_word' id='word_1_315' title='bbox 669 4239 775 4322; x_wconf 82' lang='lat' dir='ltr'>fallor,</span> <span class='ocrx_word' id='word_1_316' title='bbox 792 4239 967 4322; x_wconf 87' lang='lat' dir='ltr'>repositum</span> <span class='ocrx_word' id='word_1_317' title='bbox 981 4241 1016 4304; x_wconf 90' lang='lat' dir='ltr'>in</span> <span class='ocrx_word' id='word_1_318' title='bbox 1031 4239 1229 4304; x_wconf 83' lang='lat' dir='ltr'>Mostellaria</span> <span class='ocrx_word' id='word_1_319' title='bbox 1243 4241 1303 4324; x_wconf 90' lang='lat' dir='ltr'>Ill,</span> <span class='ocrx_word' id='word_1_320' title='bbox 1320 4243 1351 4325; x_wconf 83' lang='lat'>2,</span> <span class='ocrx_word' id='word_1_321' title='bbox 1366 4243 1408 4306; x_wconf 87' lang='grc'>43</span> 
     </span>
     <span class='ocr_line' id='line_1_37' title="bbox 270 4349 1407 4438; baseline 0 -22"><span class='ocrx_word' id='word_1_322' title='bbox 270 4352 361 4438; x_wconf 73' lang='grc'>(733)</span> <span class='ocrx_word' id='word_1_323' title='bbox 382 4357 482 4418; x_wconf 73' lang='lat' dir='ltr'>simitu</span> <span class='ocrx_word' id='word_1_324' title='bbox 497 4351 609 4432; x_wconf 89' lang='lat' dir='ltr'>habet,</span> <span class='ocrx_word' id='word_1_325' title='bbox 632 4350 659 4414; x_wconf 90' lang='lat' dir='ltr'>si</span> <span class='ocrx_word' id='word_1_326' title='bbox 674 4349 767 4415; x_wconf 92' lang='lat' dir='ltr'>modo</span> <span class='ocrx_word' id='word_1_327' title='bbox 782 4352 868 4414; x_wconf 81' lang='lat' dir='ltr'>recte</span> <span class='ocrx_word' id='word_1_328' title='bbox 888 4349 1077 4414; x_wconf 87' lang='lat' dir='ltr'>bacchiucus</span> <span class='ocrx_word' id='word_1_329' title='bbox 1093 4373 1199 4415; x_wconf 86' lang='lat' dir='ltr'>versus</span> <span class='ocrx_word' id='word_1_330' title='bbox 1214 4351 1407 4417; x_wconf 86' lang='lat' dir='ltr'>describitur</span> 
     </span>
    </p>
   </div>
   <div class='ocr_carea' id='block_1_5' title="bbox 0 0 1654 5102">
    <p class='ocr_par' dir='ltr' id='par_1_7' title="bbox 0 0 1654 5102">
     <span class='ocr_line' id='line_1_38' title="bbox 0 0 1654 5102; baseline 0 2"><span class='ocrx_word' id='word_1_331' title='bbox 0 0 1654 5102; x_wconf 95' lang='lat' dir='ltr'> </span> 
     </span>
    </p>
   </div>
  </div>
 </body>
</html>
