3300 5102
781 1085 905 1196 VH.

269 1289 529 1394 buaeeliouuu
551 1285 896 1406 topographicorun
916 1285 1163 1382 Plautluarun
1182 1283 1303 1403 capla
1324 1283 1405 1379 duo.

748 1679 867 1777 Caput
893 1681 922 1754 I.

341 1841 398 1911 lle
424 1844 538 1934 porta
564 1839 689 1912 Metia
716 1857 816 1930 quae
841 1836 968 1910 fertur
994 1835 1103 1909 urbis
1130 1829 1327 1932 Romae.*)

348 2021 476 2086 Norunt
503 2022 557 2105 qui
590 2021 624 2084 iu
655 2020 857 2104 explorandis
879 2019 976 2083 Vrbis
1005 2018 1251 2103 antiquitatibus
1274 2041 1403 2104 operam
1422 2035 1452 2086 m

265 2132 464 2198 collocarunt
485 2154 591 2216 suam,
621 2153 717 2216 quam
738 2131 782 2196 sit
803 2153 868 2196 non
891 2153 956 2195 una
978 2131 1017 2195 de
1040 2151 1152 2195 caussa
1174 2130 1305 2196 difficile
1326 2153 1401 2216 qua-

264 2243 398 2307 rundam
432 2246 635 2328 portarum
664 2243 715 2307 val
741 2243 873 2307 nomina
901 2241 1049 2325 expedire
1076 2242 1127 2306 vel
1155 2241 1235 2306 situs
1257 2242 1399 2308 definire.

263 2353 374 2438 ltaque
405 2375 476 2418 cum
505 2353 543 2418 da
575 2353 645 2417 aliis
673 2353 808 2418 multum
838 2353 873 2416 in
901 2352 1042 2418 diversas
1069 2355 1179 2437 partes
1202 2352 1401 2438 disputatum

262 2449 313 2547 siti
337 2469 406 2553 tum
428 2468 519 2529 vetus
542 2469 592 2531 est
613 2464 653 2528 de
674 2464 795 2528 Metia
814 2467 906 2548 porta
929 2464 1154 2528 controversia.
1192 2463 1289 2530 Cuius
1310 2485 1398 2528 men·

128 2589 132 2596 '
261 2575 392 2660 tionem,
415 2579 571 2660 quantum
593 2598 610 2640 e
631 2573 869 2640 Bartholomaei
883 2573 1036 2642 Maeliani
1057 2573 1185 2639 silentio
1208 2575 1398 2660 colligimus,

262 2708 299 2749 ex
322 2686 526 2772 astygraphis
548 2686 670 2770 primus
694 2685 850 2770 Georgius
878 2685 1043 2749 Fabricius
1066 2687 1192 2750 nostras
1213 2685 1293 2750 fecit
1318 2685 1397 2750 <Ro-

259 2805 346 2861 mae'
381 2818 455 2861 suae
489 2797 593 2880 capite
615 2799 728 2881 quarto
751 2795 919 2882 (Thesauri
943 2795 1114 2861 Graeviani
1137 2799 1161 2859 t.
1185 2795 1233 2859 Ill
1265 2819 1296 2881 p.
1320 2797 1397 2882 471)

155 2895 156 2900 ἵ
259 2929 392 2992 eumque
430 2911 557 2974 secutus
591 2905 776 2992 Ouuphrius
808 2906 984 2970 Panviuius
1021 2907 1056 2972 in
1088 2906 1268 2991 ‘Antiquae
1302 2905 1397 2972 Vrbis

258 3019 417 3102 imagiue’
445 3041 474 3102 p.
496 3019 559 3084 316
582 3018 708 3101 Graan,
737 3021 869 3101 uterque
896 3016 1004 3082 Plauti
1026 3016 1209 3082 testimonio
1237 3039 1311 3082 ursus
1334 3017 1396 3082 Ca-

258 3129 369 3193 siuae
390 3129 434 3212 ll,
457 3130 477 3194 6
499 3129 603 3212 initia,
627 3129 682 3193 ubi
704 3129 752 3193 sic
773 3127 950 3193 sciscitanti
974 3127 1170 3193 Cleostratae

341 3271 428 3346 Face,
451 3241 584 3344 Chalino,
608 3270 764 3330 certiorem
785 3289 841 3344 mc,
866 3269 939 3347 quid
960 3288 1044 3330 mous
1066 3289 1113 3328 me
1134 3269 1182 3330 vir
1202 3271 1274 3330 velit

258 3402 319 3486 (ita
341 3403 427 3466 enim
449 3401 529 3466 haec
551 3401 731 3488 scribenda)
758 3401 838 3467 haec
860 3400 1031 3485 respondet
1053 3399 1220 3466 Chalinus:

340 3501 402 3604 Ille
419 3543 525 3620 edepol
546 3543 647 3604 videre
670 3544 824 3602 ardentem
846 3546 876 3602 te
898 3545 981 3603 extra
1002 3543 1122 3620 portam
1143 3543 1275 3602 Metiam.

258 3673 399 3750 Quocum
420 3674 484 3740 iam
507 3673 722 3758 antiquissimi
743 3673 935 3759 interpretes
957 3676 993 3740 ut
1010 3673 1192 3739 Bernerdus
1215 3673 1392 3740 Saracenas

256 3783 348 3868 (puto
370 3785 466 3849 etiam
488 3786 602 3850 Petrus
620 3783 727 3872 Valla)
751 3788 996 3870 composuerunt
1021 3783 1210 3850 Pseuduli
1233 3805 1341 3850 versus
1363 3785 1389 3867 l,

255 3897 285 3976 3,
310 3895 351 3959 96
376 3893 460 3983 [330]
485 3917 553 3980 sqq.

322 4048 347 4116 *)
378 4011 563 4117 [Prooemium
594 4047 694 4104 Indicis
723 4048 878 4103 scholarum
913 4047 1082 4104 aestivarum
1111 4046 1297 4103 Bonnensium
1325 4047 1391 4102 anni

255 4137 493 4194 CIOIOCOCXLII.
513 4171 546 4180 -—
564 4141 605 4196 De
623 4141 715 4196 medio
734 4141 872 4197 sublatam
891 4159 908 4197 a
924 4142 1004 4196 nobis
1018 4150 1132 4212 portam
1145 4143 1261 4200 Matium
1279 4155 1390 4196 consen-

253 4233 366 4287 taneum
384 4236 445 4288 crat
461 4233 525 4290 ilico
537 4234 650 4290 misaam
667 4233 727 4289 ficri
743 4234 771 4290 in
790 4237 821 4290 G.
833 4236 864 4290 A.
878 4235 1020 4291 Beckeri
1031 4234 1190 4290 Euchiridio
1209 4234 1294 4303 antiq.
1307 4234 1387 4289 Rom.

254 4325 306 4380 vol.
324 4327 337 4379 Ι
353 4345 381 4396 p.
403 4329 470 4398 178]
