3206 5102
540 383 716 436 vaosonra
739 383 811 433 vos
833 374 1033 447 Arrsarvs.
1293 361 1354 428 667

211 539 246 606 in
267 539 323 604 illo
344 560 453 604 versu:
477 545 528 605 Ex
550 547 622 605 vitio
644 543 772 604 alterius
794 544 916 618 sapiens
937 543 1074 602 emendat
1095 557 1191 602 mam.
1229 535 1279 599 De
1293 556 1355 619 quo

212 672 402 736 quamquam
424 649 541 735 duplex
569 650 623 714 via
642 651 735 735 patet
755 647 933 715 iudicandi:
965 647 1067 733 possit
1088 648 1174 712 enim
1195 646 1356 732 quispiam

211 761 441 846 huncquoque
462 783 588 827 versum
609 761 644 825 in
665 761 907 827 subditiciorum
928 780 1060 850 numero
1082 758 1217 824 habere:
1245 761 1355 825 tamen

212 873 363 958 quoniam
385 873 426 937 ad
446 875 511 937 tres
533 871 605 938 illos
620 871 879 940 condemnandos
893 891 1047 957 maguam
1061 869 1127 936 vim
1141 869 1260 936 habere
1276 870 1356 935 exis·

211 983 394 1051 timaviw
427 983 526 1051 libros
553 982 778 1068 Bentleianos,
814 987 850 1048 ut
877 982 1038 1048 nobismet
1064 979 1127 1066 ipsi
1163 983 1354 1065 constemus,

212 1095 383 1160 eorundem
398 1095 589 1160 auctoritato
603 1094 691 1159 hunc
704 1094 891 1178 tutabimur,
914 1094 962 1159 ita
976 1097 1097 1177 tamen,
1120 1094 1157 1157 ut
1171 1114 1237 1158 non
1251 1091 1356 1177 magis

132 1225 138 1234 ·
212 1226 347 1270 vacuum
368 1206 596 1291 depravatione
618 1207 725 1291 aliqua
747 1207 899 1271 ducamus
915 1227 1010 1290 quam
1033 1205 1169 1269 alterurn
1190 1201 1281 1268 illum
1301 1201 1356 1287 qui

214 1319 377 1401 comparet
407 1317 443 1381 in
477 1317 637 1382 codicibus
665 1315 803 1382 Bentlci.
870 1315 1016 1402 Namque
1049 1315 1095 1380 sic
1124 1314 1249 1381 exst'tit
1280 1313 1354 1380 olim

217 1427 389 1513 scriptum,
412 1430 449 1493 ut
470 1428 616 1515 equidem
638 1426 790 1496 arbitror:

365 1569 411 1630 Ex
433 1571 509 1631 vltio
532 1571 631 1632 alius
654 1571 773 1649 stpieus
796 1571 935 1630 emendat
956 1589 1054 1630 suum.

212 1701 411 1768 Iudicativus
434 1701 520 1766 enim
541 1709 680 1766 emendat
703 1723 775 1766 curn
797 1702 838 1766 ab
859 1701 1031 1766 memoriae
1052 1699 1115 1765 fide
1132 1699 1356 1789 praestabilior

213 1811 416 1878 coniunctivo
439 1813 498 1896 est,
521 1813 577 1897 qui
599 1811 683 1897 apud
711 1834 812 1876 unum
833 1811 1005 1876 Erasmum
1031 1810 1166 1897 legitur,
1194 1812 1264 1872 tum
1286 1829 1356 1873 sen-

212 1923 334 1988 tentiae
361 1922 522 2008 gravitate
557 1923 806 1987 commendatur.
861 1922 923 1988 Est
956 1925 1064 1987 autem
1096 1919 1150 1985 ille
1182 1918 1356 1985 versiculus
1373 1945 1406 1992 20

174 2088 184 2107 .
212 2033 326 2130 eodem
344 2033 583 2119 depravationis
605 2054 723 2120 genere
739 2033 882 2117 affectus,
905 2054 968 2121 quo
983 2032 1081 2098 alium
1096 2030 1254 2117 quendam
1275 2030 1355 2096 eius-

212 2143 284 2210 dem
315 2145 430 2230 poetae
464 2143 550 2228 apud
578 2143 734 2210 Senecam
761 2143 865 2229 Epist.
894 2142 1016 2227 XV,2
1044 2143 1114 2230 (94)
1145 2145 1164 2224 ἕ
1192 2141 1234 2205 43
1265 2137 1354 2228 [item

213 2253 298 2339 apud
318 2253 524 2320 Lactantium
549 2253 631 2320 Inst.
655 2255 718 2321 div.
740 2253 757 2322 I
763 2305 772 2340 ,
799 2254 848 2340 16,
874 2255 927 2322 10:
956 2253 991 2320 in
1019 2251 1189 2322 Ribbeckii
1218 2249 1355 2318 Comicis

212 2385 244 2450 p.
270 2364 331 2430 110
353 2367 386 2430 et
407 2362 500 2450 2611:

364 2505 412 2566 Ab
436 2505 511 2568 alio
535 2509 704 2584 exspectes,
724 2509 811 2570 alteri
834 2507 915 2588 quod
938 2508 1061 2582 feceris,

214 2638 433 2720 corruperunt,
458 2637 522 2721 qui,
546 2639 628 2726 quod
652 2639 684 2703 in
701 2638 892 2726 quibusdam
907 2639 1141 2725 exemplaribus
1163 2639 1290 2724 legitur,
1314 2644 1354 2703 ab

213 2753 310 2812 altero
328 2783 376 2828 -,
400 2751 590 2833 receperunt
610 2749 657 2814 sic
679 2749 885 2815 conciliatum
906 2771 979 2815 cum
1000 2761 1144 2831 exspecta
1167 2749 1356 2834 imperativo

213 2859 337 2922 suomet
352 2856 483 2921 arbitrio
498 2858 640 2924 invecto:
664 2864 708 2924 Ab
723 2864 820 2926 littero
841 2871 994 2941 exspecto,
1019 2864 1111 2927 dlteri
1123 2866 1205 2944 quod
1221 2863 1354 2940 seceris:

212 2967 246 3032 id
267 2966 351 3051 quod
373 2989 487 3051 parum
509 2968 707 3035 considerate
730 2969 864 3036 Bothius
886 2970 1078 3062 instituit.*)

740 3427 834 3519 Ν)

300 3655 329 3670 ..
346 3655 353 3670 .
369 3655 375 3669 .
394 3605 552 3692 Obgleich
574 3607 609 3673 in
624 3608 847 3675 Einzelheiten
870 3610 1070 3696 einzugehen
1091 3610 1163 3675 hier
1184 3610 1276 3678 nicht
1298 3609 1353 3674 der
1371 3621 1421 3673 444
1448 3615 1451 3622 “

216 3714 276 3780 Ort
291 3717 361 3781 sein
381 3717 483 3812 lrann,
507 3739 542 3784 so
557 3720 601 3785 sei
618 3741 652 3786 cs
668 3719 748 3788 doch
764 3720 836 3788 dem
851 3720 924 3790 Res.
941 3724 1097 3810 gestattet
1118 3722 1213 3788 e'ineu
1235 3720 1354 3790 sowohl

214 3873 417 3886 -----—---·-

279 3975 303 4041 ⁸)
322 3971 422 4028 ‘Oblita'
439 3991 532 4029 snmus
550 3973 723 4032 Prisciani
740 3976 876 4032 verbaVI
889 3995 916 4047 p.
930 3983 980 4033 695
991 3978 1035 4032 P.:
1054 3978 1102 4032 «et
1119 3978 1260 4033 sciendum
1278 3979 1354 4048 quod

212 4065 241 4122 iu
259 4069 305 4125 ius
322 4066 532 4122 terminantium
550 4069 694 4138 genetivum
710 4069 841 4140 producit
856 4070 1058 4142 paenultimam
1076 4115 1082 4126 .
1097 4115 1123 4128 ..
1146 4073 1262 4142 excepto
1281 4075 1355 4132 aller

212 4161 351 4220 alterius»
372 4161 402 4216 in
425 4177 487 4220 earn
508 4164 620 4232 partem
641 4162 832 4233 interpretari,
855 4165 887 4218 ut
904 4182 969 4220 suae
988 4166 1089 4222 aetatis
1107 4183 1223 4237 pravam
1241 4182 1355 4222 consue-

211 4253 339 4309 tudinem
351 4255 545 4312 commendare
558 4255 773 4325 grammaticum
785 4267 977 4319 censeremus?
990 4287 1024 4297 —
1037 4259 1352 4334 [aeramendum]

279 4351 320 4414 ⁸*)
339 4349 409 4422 [Ans
428 4348 479 4404 der
496 4348 678 4416 (Hallischen)
701 4349 773 4419 Allg.
792 4350 970 4422 Lit.Zeituug
994 4357 1058 4410 1833
1080 4353 1149 4407 Nov.
1172 4371 1199 4428 p.
1218 4359 1354 4416 cas-450

212 4439 343 4526 (Auzeige
361 4457 416 4496 von
435 4441 467 4497 d.
485 4443 505 4497 Ι.
524 4441 616 4498 Vossii
633 4441 810 4510 Aristarchus
829 4443 871 4500 ed.
891 4447 920 4500 C.
940 4445 1064 4506 Fertsch.
1094 4447 1162 4510 Pars
1181 4447 1224 4524 Il]
