3300 5102
251 281 313 344 248
594 295 816 344 cnossiinvu
838 293 1051 342 resvrruvu.

253 472 318 516 eum
340 459 486 531 eriperet,
520 453 639 515 mdnmn
661 470 698 513 ea
720 455 854 530 arripuit
875 451 1043 514 mo'rdicus:
1075 449 1129 513 ubi
1152 471 1188 512 eo
1211 449 1331 513 inserui
1353 449 1391 514 ‹le

253 584 333 626 meo.
380 560 492 626 Certus
515 559 617 624 eidem
640 559 790 623 adverbio
811 559 899 624 loeus
922 564 971 623 est
992 558 1084 643 Capi.
1103 559 1162 644 ΠΙ,
1186 560 1217 641 4,
1243 561 1282 624 13
1299 559 1389 647 (605)

253 675 286 738 o's
308 673 466 737 denasabit
487 677 544 737 tibi
565 674 723 735 Mbrdicus
744 673 777 734 et
798 669 885 734 Men.
908 670 935 753 I,
958 671 989 752 3,
1016 670 1055 733 12
1078 671 1167 756 (195)
1190 673 1250 735 io'm
1274 684 1392 751 oporte·

254 789 306 848 bot
338 785 443 848 na'sum
477 788 633 863 abreptum
656 783 826 846 mo'rdicus:
862 779 969 864 paullo
990 780 1097 844 minus
1120 783 1225 845 cerbus
1248 780 1324 846 Aul.
1346 782 1391 865 Π,

253 895 290 976 2,
322 894 380 976 57,
414 893 469 958 ubi
492 892 630 957 dubitari
654 894 760 975 polest
781 894 887 956 uirum
909 891 1026 956 rectius
1048 891 1222 956 secundum
1243 891 1393 958 Veterem

254 1005 302 1087 (in
324 1025 386 1088 quo
408 1007 457 1068 est
489 1025 535 1068 mc
556 1003 722 1088 mordicus)
753 1001 848 1067 'Asini
867 1003 1019 1068 mordicu's
1045 1024 1092 1067 me
1117 1009 1274 1082 scindant,
1309 1007 1394 1069 bboes

254 1122 410 1180 incursent
441 1117 584 1179 cbrnibus
617 1133 740 1178 meeum
770 1111 911 1198 (Proleg.
935 1134 966 1196 p.
991 1111 1073 1198 CLI)
1096 1116 1207 1177 leneas
1230 1135 1270 1178 au
1295 1113 1394 1178 Nonii

254 1248 285 1309 p.
311 1225 372 1290 139
405 1224 466 1290 fide
488 1226 617 1308 poetam
640 1223 750 1287 eredes
773 1243 830 1306 per
851 1223 956 1287 iocum
978 1223 1054 1287 fiolo
1076 1223 1230 1288 vocabulo
1252 1225 1394 1307 potuisse

254 1337 350 1400 ‘Asini
380 1357 426 1399 me
457 1336 640 1400 mordicibus
676 1339 820 1399 scindant
852 1333 972 1419 dicere,
1006 1333 1038 1397 h.
1074 1355 1101 1398 e.
1136 1334 1295 1399 dentibus.
1346 1334 1395 1400 De

254 1467 342 1514 mero
365 1447 450 1510 enim
472 1445 675 1532 grammatici
698 1448 877 1508 commento
899 1466 940 1509 ne
964 1444 1095 1529 cogites,
1120 1445 1271 1509 admonet
1285 1449 1396 1530 Appu-

256 1556 299 1620 lei
321 1555 474 1639 imitatio,
499 1577 593 1639 quern
615 1553 915 1639 Metamorphoseon
938 1554 1002 1637 Ill,
1025 1555 1067 1618 26
1088 1577 1120 1638 p.
1144 1554 1207 1617 222
1229 1555 1274 1618 sio
1297 1558 1395 1640 scrip·

255 1668 334 1734 sisse
363 1673 572 1747 nequissimam
591 1670 943 1745 facinerosissimamque
966 1668 1114 1741 seminum
1140 1672 1245 1746 spissis
1265 1672 1397 1732 calcibus

252 1783 370 1856 seriens
403 1790 432 1842 et
464 1782 646 1841 mordicibus
668 1787 824 1856 appetens,
861 1775 957 1840 codex
980 1774 1171 1860 archetypus
1194 1775 1397 1842 morestinus

257 1891 403 1953 besialur.
449 1886 597 1952 ceterum
619 1892 795 1952 mordicitus
817 1886 930 1968 forma,
955 1907 1036 1970 quae
1058 1885 1248 1971 quibusdam
1263 1886 1395 1970 placuit,

256 2020 317 2063 uec
338 2001 453 2062 testem
475 2018 536 2062 uec
558 1997 716 2062 rationem
738 1996 837 2061 habeb
858 1997 1020 2061 idoneam.
1067 1995 1173 2081 [Haec
1196 1996 1396 2081 scripseram,

258 2131 330 2174 oum
352 2109 390 2172 de
412 2107 599 2172 Florentino
621 2107 717 2172 fidem
739 2107 837 2172 habui
853 2106 1067 2172 Hildebrandi
1088 2107 1288 2172 testimonio:
1311 2129 1398 2171 nunc

258 2223 429 2303 postquam
451 2217 584 2283 Henrioi
607 2217 704 2282 Keilii
738 2217 853 2282 libleris
887 2219 1003 2282 certior
1024 2217 1129 2282 faetus
1153 2239 1222 2282 sum
1243 2217 1311 2282 illio
1333 2239 1399 2281 non

258 2328 363 2413 magis
387 2351 482 2413 quarn
504 2328 540 2392 in
561 2327 678 2392 Vetere
700 2328 808 2392 Plauli
829 2333 1024 2411 mordicibus,
1049 2329 1103 2392 sed
1126 2335 1279 2393 mordicus
1301 2327 1399 2412 serip-

259 2443 327 2502 tum
349 2459 418 2503 esse
448 2439 650 2522 planissime,
686 2460 752 2503 nou
784 2439 895 2503 dubito
926 2461 1003 2503 saue
1025 2438 1140 2502 miram
1162 2437 1262 2503 Nonii
1283 2459 1399 2502 memo-

259 2549 340 2614 riam
371 2571 409 2614 ex
440 2548 581 2634 argutuli
616 2549 682 2614 sive
716 2548 818 2614 critici
849 2551 915 2614 sive
947 2549 1151 2633 grammatici
1185 2548 1320 2612 artificio
1352 2568 1399 2612 re-

259 2661 395 2744 petere]
915 2673 920 2678 “

344 2769 389 2834 ln
411 2770 589 2856 Epidico.
634 2770 675 2836 28
699 2778 819 2834 nevis:
841 2771 877 2834 in
899 2769 1025 2854 Epidici
1048 2770 1207 2856 principio
1222 2768 1317 2834 hodie
1332 2792 1399 2834 non

172 2934 184 2960 ,
262 2883 376 2944 exstat.
421 2879 505 2946 Fieri
528 2883 635 2965 poiesi
656 2883 692 2943 ui
713 2879 944 2965 glossographo
966 2880 1079 2945 vitium
1102 2880 1279 2965 scripturae
1293 2880 1402 2944 fraudi

261 2990 415 3054 fueritin
437 2990 464 3073 l,
488 2991 524 3068 2,
551 2991 586 3054 11
614 2991 692 3065 Ouid
712 2996 765 3055 tibi
784 3012 830 3054 me
851 2999 895 3056 uis
914 2995 1045 3068 ficere?
1078 2990 1129 3055 vel
1151 2991 1193 3054 ib.
1219 3015 1247 3055 v,
1271 2991 1314 3055 40
1346 2992 1403 3056 oto

262 3106 350 3166 modo
372 3106 453 3164 unde
474 3104 606 3177 ause'rre
627 3123 674 3165 me
697 3107 753 3166 uis:
778 3101 866 3166 cuius
888 3101 1015 3185 quidem
1037 3101 1281 3184 permutationis
1297 3122 1403 3165 erem-

263 3208 317 3294 pla
337 3210 424 3274 infra
446 3211 586 3295 posui.*)
630 3210 702 3276 Nisi
723 3210 806 3275 forie
828 3211 956 3275 miscuit
977 3218 1060 3275 neris
1081 3213 1114 3274 et
1135 3217 1252 3293 neuott,
1275 3211 1422 3296 quando’

263 3319 306 3384 ib.
324 3320 350 3402 1,
370 3322 398 3403 1,
414 3321 456 3385 40
478 3327 601 3385 Patrem
622 3329 726 3386 uidere
746 3342 779 3386 se
801 3328 931 3387 nevolte
953 3321 1107 3385 librorum
1124 3323 1284 3407 scriptura
1305 3343 1403 3386 sencm

263 3452 325 3495 non
348 3437 412 3495 uuit
433 3430 596 3496 verissime
618 3431 701 3496 eruit
715 3430 920 3496 Hermannus
935 3431 1038 3495 Elem.
1055 3431 1156 3495 doctr.
1173 3435 1265 3496 metr.
1282 3453 1313 3515 p.
1333 3431 1402 3496 161.

264 3589 358 3596 ----
375 3590 465 3597 —--—

331 3667 356 3736 *)
388 3665 433 3722 Sic
459 3667 575 3722 Poenuli
592 3667 624 3736 V,
647 3675 675 3732 2,
696 3675 744 3722 119
768 3671 807 3726 Et
829 3671 858 3727 te'
877 3673 988 3728 moneri
1009 3673 1076 3727 mim
1099 3673 1179 3727 nouis
1200 3669 1229 3723 iu
1251 3669 1402 3724 Decurlalo

264 3759 398 3834 seriptum
416 3763 458 3816 esi
476 3779 543 3819 num
561 3779 604 3819 me
622 3765 675 3820 uis.
711 3762 782 3816 Item
800 3761 962 3817 Truculentu'
979 3763 1013 3830 ΙΙ,
1030 3769 1054 3830 6,
1072 3767 1113 3830 65,
1131 3762 1180 3817 ubi
1196 3765 1272 3819 recle
1289 3762 1405 3817 Bothius

270 3854 375 3912 Vc'rum
400 3857 492 3912 adibo.
517 3857 652 3924 quiduis
675 3863 821 3914 nuncin?
846 3860 912 3913 num
936 3874 978 3913 mc
1003 3861 1058 3922 uis,
1090 3857 1219 3926 uolupto's
1237 3875 1313 3922 mco,
1344 3857 1405 3924 Quo'

268 3956 384 4007 uocatus
402 3967 465 4006 sum
484 3948 527 4005 irc
545 3951 585 4005 od
600 3960 717 4007 conam?
751 3949 780 4002 in
803 3949 902 4004 eodem
925 3949 1019 4004 codice
1041 3951 1084 4004 esi
1102 3968 1168 4007 num
1187 3953 1269 4007 ncuis
1292 3967 1349 4016 me,
1378 3947 1407 4002 in

267 4041 370 4096 Vetere
389 4040 466 4100 nuni
484 4045 529 4100 uis
547 4060 617 4100 mco.
653 4041 708 4095 Vbi
726 4059 792 4097 cave
811 4042 846 4098 de
864 4042 957 4110 eliqua
976 4061 1079 4100 numne
1098 4044 1140 4110 (ut
1155 4059 1244 4108 anne,
1264 4044 1406 4111 utrumne)

269 4135 359 4189 forma
377 4134 483 4205 cogites
495 4153 557 4191 cum
569 4135 774 4205 lexicographie
786 4135 898 4190 nostris:
918 4153 1001 4206 quum
1018 4134 1174 4190 iuncturam
1186 4132 1300 4203 ignorat
1316 4133 1407 4190 labini-

268 4229 321 4294 111,
340 4244 509 4296 quamquam
528 4247 663 4286 numnam
686 4231 727 4296 (ut
745 4227 809 4283 eiu.
829 4229 875 4294 IV,
896 4237 919 4296 1,
937 4235 952 4282 6
972 4227 1031 4283 coll.
1052 4227 1134 4282 Truc.
1152 4229 1186 4294 11,
1203 4233 1228 4294 t,
1248 4235 1260 4281 1
1281 4228 1310 4284 eb
1327 4227 1365 4294 11,
1383 4233 1407 4294 t,

269 4329 313 4388 «11,
332 4319 400 4375 ibem
418 4321 540 4390 quinque
558 4321 691 4392 exemplis
709 4321 892 4392 Terentiam)
911 4323 1009 4384 eadun
1025 4320 1165 4392 probavit.
