3276 5082
733 317 889 368 esnone.
1326 302 1386 368 163

242 495 343 556 prope
374 495 420 538 me
454 486 552 540 sonat.
607 477 664 538 Tui
689 477 871 568 dissolutis.
900 479 928 536 si
948 479 991 536 ito
1018 493 1049 536 es
1076 485 1109 536 ut
1135 493 1191 550 eqo
1218 479 1296 537 uolo.
1333 475 1387 536 Sin

248 618 342 706 aliter
363 631 404 674 es.
434 617 550 674 inimici
570 621 621 689 atq
628 633 638 682 ;
666 615 742 673 irati
762 571 783 673 1.
851 607 915 696 [53]
947 613 1043 672 Crede
1063 613 1165 672 hercle
1192 619 1220 671 te
1239 613 1386 686 paudere.

333 709 340 734 1

247 709 291 826 siq
319 769 348 810 m
377 753 453 810 mali
478 749 503 809 ἒ.
550 749 692 810 Omnibus
725 752 830 809 amicis
863 751 945 824 quod
970 750 1088 809 micuist
1121 751 1212 824 cupio
1239 765 1302 808 esse
1329 747 1387 808 idi.

249 887 315 947 Elio
342 893 395 946 tua
422 902 503 946 uxor
532 887 607 960 quid
632 887 718 960 aqit?
754 887 931 945 immortalis
958 883 990 945 ι’.
1021 887 1096 946 uiuit
1122 841 1294 945 uicturaq'e
1341 884 1389 944 Bri

249 999 350 1057 lrcrcle
372 999 508 1056 nuncios.
532 997 647 1070 Deosq;
676 1012 730 1056 oro
752 1003 785 1056 ut
807 998 870 1080 uitp
889 1003 943 1082 tuq
969 1002 1120 1071 superstes
1145 1001 1297 1071 suppetat.
1342 994 1391 1056 Di

250 1108 368 1183 quidem
400 1107 501 1166 hercle
533 1105 600 1166 tecti
632 1114 728 1182 nupta
761 1109 809 1165 sit.
850 1123 924 1166 sane
951 1103 1026 1165 nali.
1088 1103 1308 1196 Vinimutem'?
1340 1106 1410 1166 tuit-

250 1260 306 1318 eqo
327 1241 409 1316 ducii
429 1244 454 1314 q
476 1250 510 1302 tu
530 1239 606 1303 med.
627 1241 710 1313 sano
724 1243 800 1302 lant
820 1240 943 1302 tantilla
963 1243 1084 1302 dederis
1105 1243 1199 1302 ueros
1226 1200 1264 1302 m.
1325 1234 1388 1326 [61]

253 1353 332 1445 Quid
352 1355 458 1430 uenis?
492 1354 585 1412 Malis
607 1359 636 1412 te
657 1359 690 1412 ut
712 1353 812 1412 uerbis
833 1355 932 1412 multis
953 1355 1076 1412 multum
1100 1348 1235 1426 obturqi.
1325 1344 1388 1436 [78]

254 1445 297 1560 Oa
320 1457 393 1549 οιῖἱε
414 1491 506 1550 bonos
534 1490 666 1564 bonasq;
696 1491 852 1548 adcurare
880 1490 1016 1548 addecet.
1056 1486 1230 1562 Suspicione
1252 1489 1279 1560 q
1300 1487 1391 1564 culpi

251 1615 284 1668 ut
310 1575 395 1684 apste
415 1615 582 1681 seqreqent.
622 1577 654 1668 ᾗ
676 1604 740 1683 poi
762 1605 871 1682 utriq·
896 1610 976 1679 fieri.
1019 1607 1231 1683 Quapropter?
1266 1603 1392 1681 Roqas?

254 1719 297 1778 Ne
325 1711 455 1778 admitto*
475 1717 581 1794 culpa.
613 1735 669 1792 eqo
696 1734 761 1778 meo
787 1717 823 1778 sir
841 1733 932 1792 pmus
952 1720 1083 1794 pectori.
1122 1717 1262 1791 Suspicio
1290 1725 1333 1777 est
1359 1720 1389 1777 in

250 1835 373 1906 pectore
399 1831 499 1916 alieno
526 1831 596 1888 sito.
644 1821 708 1911 [87]
740 1828 798 1898 Oui
817 1836 851 1888 tu
873 1829 905 1887 id
923 1829 1050 1924 pindere
1071 1845 1117 1887 me
1135 1833 1221 1903 potes
1242 1845 1280 1888 ne
1311 1823 1391 1906 (dics

251 1943 347 2007 Wort
368 1943 402 2008 in
426 1943 544 2028 Rasur)
572 1949 718 2023 suspicer.
797 1939 860 2030 [91]
890 1946 967 2006 Sunt
988 1964 1061 2023 quas
1087 1949 1150 2006 scio
1177 1913 1211 2006 ee
1239 1949 1351 2007 amieos
1377 1945 1391 2004 s

252 2075 325 2134 quos
346 2060 493 2134 suspicor.
537 2056 615 2117 Sunt
641 2073 767 2132 quorum
796 2059 919 2131 inqenia
947 2064 1018 2132 atq,·
1047 2061 1164 2118 animos
1189 2055 1209 2116 is
1221 2056 1317 2133 possi
1339 2075 1391 2117 no-

251 2186 344 2228 scere.
383 2168 441 2260 'Ad
461 2169 554 2227 amici
574 2166 669 2244 parti
692 2185 733 2228 au
756 2169 799 2226 ad
820 2169 934 2228 inimici
950 2171 1088 2242 poeniat.
1158 2161 1221 2251 [99]
1247 2169 1391 2228 Maledic-

252 2261 386 2365 titaturt¹
407 2305 496 2376 uolqo
518 2307 550 2363 im
571 2304 737 2372 sermonib;
769 2303 868 2396 Turpi
887 2305 968 2364 lucri
992 2303 1106 2381 cupidi
1128 2311 1158 2363 te
1180 2311 1291 2364 uocant
1312 2307 1393 2365 ciues

414 2389 495 2416 ww

251 2427 305 2482 tui.
338 2423 384 2484 Tu
406 2439 447 2482 au
468 2431 497 2484 st
518 2425 574 2484 alii
594 2425 646 2498 qui
665 2429 694 2482 te
710 2419 873 2482 uulturidm
895 2431 1016 2483 uocant.
1084 2416 1169 2507 [145]
1196 2425 1294 2484 Miclui
1312 2426 1394 2510 quod

252 2535 420 2594 credideris
447 2550 544 2595 sumes
571 2534 623 2593 noi
643 2535 793 2609 posueris.
862 2526 947 2616 [148]
976 2533 1121 2594 Ausculto
1147 2535 1175 2594 si
1198 2536 1274 2609 quid
1295 2536 1390 2595 dicas.

252 2641 290 2702 Si
308 2651 411 2704 taceas
432 2646 553 2720 loquor.
622 2636 708 2726 [160]
738 2643 766 2702 P
784 2644 830 2702 dii
850 2645 1032 2703 immortales
1053 2644 1153 2703 uerbis
1172 2647 1282 2719 paucis
1304 2661 1391 2720 quam

252 2757 312 2813 cito
334 2757 427 2814 alium
444 2753 550 2826 fecisti
569 2770 624 2814 me.
647 2755 727 2812 alius
748 2770 768 2812 a
790 2761 819 2812 te
841 2750 963 2813 nenercl.
1032 2745 1117 2836 [169]
1140 2754 1309 2816 adesuriuit
1330 2772 1391 2815 ma·

252 2867 299 2938 qis
320 2873 349 2925 ct
370 2866 502 2925 indiculi
522 2867 633 2925 acrius.
679 2864 784 2939 Lupus
813 2863 983 2923 obseruauit
1010 2861 1051 2922 dd
1072 2865 1272 2926 dormitarent
1292 2882 1391 2954 canes.

255 2999 354 3074 Greqe'
388 3000 530 3061 uniuersi
558 3001 655 3061 uoluit
688 2997 752 3060 tatii
785 3007 936 3059 auertere.
982 3000 1114 3059 Fecisset
1144 3002 1259 3075 edepol.
1288 2959 1308 3060 n
1335 3001 1393 3086 lupe

254 3105 334 3188 (dies
357 3105 451 3170 Worl
477 3107 513 3170 in
540 3105 659 3192 Rasur)
684 3103 844 3184 pseusisset
869 3125 968 3169 canes.
1037 3102 1122 3193 [199]
1148 3108 1234 3170 Niclr'
1254 3109 1271 3170 ἔ
1289 3110 1394 3186 pfecto

253 3223 409 3282 stulticius.
432 3239 488 3296 neq
495 3241 506 3290 ,·
528 3223 675 3281 stolidius.
700 3221 782 3296 Neq;
805 3221 1073 3296 mendaciloquius.
1097 3237 1171 3296 neq;
1200 3220 1313 3295 arpotis
1330 3238 1392 3281 ma·

251 3333 308 3404 qis.
332 3332 414 3407 Neq;
427 3333 727 3406 *confidentiloquius
750 3348 825 3406 neq,·
847 3333 1006 3406 periurius
1027 3348 1117 3406 quam
1141 3333 1252 3392 urbam
1273 3333 1396 3392 adsidui

253 3443 343 3502 ciues.
367 3457 441 3516 quos
461 3458 588 3502 scurras
610 3448 728 3527 uocum.
797 3433 881 3525 [205]
907 3441 964 3512 Oui
984 3444 1085 3501 omnia
1100 3459 1131 3502 se
1144 3444 1289 3502 simulant
1303 3445 1390 3504 scire.

254 3554 450 3626 nequicquam
472 3555 580 3612 sciunt.
620 3551 668 3623 od
688 3553 775 3626 quisq
781 3570 792 3620 ;
821 3555 853 3612 in
881 3554 982 3612 animo
1008 3553 1098 3613 dabat
1123 3560 1177 3612 aut
1197 3553 1338 3614 dabitur'
1361 3555 1395 3613 ni

253 3664 361 3722 sciunt.
404 3660 511 3722 Sciunt
539 3664 573 3722 id
599 3664 681 3737 quod
707 3664 738 3722 in
766 3679 870 3722 aurem
898 3680 957 3723 ren
987 3666 1091 3738 rapine
1118 3665 1241 3724 dixerit.
1287 3663 1394 3724 Sciunt

254 3775 300 3846 qd
320 3766 483 3853 (corrigiri
511 3789 567 3831 aus
587 3771 644 3852 qd)
673 3776 745 3832 iuno
769 3771 915 3843 fabulata
941 3775 981 3833 sit
1001 3791 1067 3834 oum
1090 3777 1166 3834 ioue.
1214 3773 1297 3844 Quae
1318 3789 1392 3849 neq;

250 3880 362 3952 sutura
384 3899 460 3960 neq;
485 3881 674 3956 factasunt.
700 3875 760 3944 tam
785 3884 834 3942 illi
860 3877 940 3963 (dies
963 3878 1058 3943 Worl
1078 3879 1114 3943 in
1136 3879 1255 3966 Rasur)
1282 3887 1390 3945 sciunt.

318 3985 402 4075 [236]
433 3995 553 4052 Amoris
587 3996 664 4052 artis
694 3995 829 4068 eloquar.
867 4011 952 4069 quem
988 3997 1032 4054 ad
1062 3995 1181 4056 modum
1215 3997 1390 4069 expediant.

255 4101 424 4177 Numquam
448 4105 544 4163 'umor
573 4073 663 4179 ιῑᾶιῖ
690 4103 804 4179 capidul
834 4104 981 4164 nominem
1004 4106 1137 4166 Postulat
1168 4121 1200 4165 se
1226 4107 1257 4165 in
1280 4107 1393 4181 plaqas

254 4215 401 4272 conicere.
429 4229 479 4274 eos
505 4215 598 4289 cupit.
628 4230 678 4274 cos
705 4220 905 4275 consectatur.
950 4215 1080 4276 Subdole
1106 4216 1272 4275 blanditur.
1301 4216 1336 4275 od
1358 4233 1393 4274 re

255 4343 326 4424 (vor
346 4343 402 4407 der
416 4343 522 4408 Rasur
542 4347 592 4432 ri)
613 4352 752 4411 consulit.
785 4309 1061 4426 utananoquentd’
1083 4351 1225 4496 huwo
1247 4353 1390 4411 mandax.
