3300 5102
269 360 332 426 416
447 401 450 407 -
579 379 625 426 na
648 377 863 428 aauvuanro
887 380 1106 430 acaosrrcno

270 531 324 594 sed
354 532 549 615 transposito
575 543 702 612 emplum
734 533 769 598 in
798 535 973 599 concinnos
1007 536 1235 620 elegantesque
1263 555 1414 598 numeros

271 641 483 706 convertant?
510 641 655 708 Haecine
676 644 896 709 inconstantia
919 649 968 710 est
988 667 1117 730 prorsus
1134 645 1246 710 cdrens
1266 644 1416 709 ratione?

271 753 301 817 A
323 752 570 836 simphcioribus
598 756 704 818 autem
732 775 826 840 quem
856 755 1047 820 admodum
1072 755 1107 819 in
1129 776 1339 840 unoquoque
1361 776 1416 840 ge·

270 885 346 928 nere
374 863 415 927 ed
437 864 558 928 maiora
580 868 613 928 et
633 849 835 949 impeditiora
864 867 902 930 fit
923 887 1111 952 progressus
1132 865 1263 951 quidam
1286 868 1319 928 et
1339 887 1416 928 vero

271 977 320 1038 est
341 973 457 1057 factae,
480 973 527 1037 ita
549 974 624 1059 quid
645 975 761 1039 mirum
783 977 811 1040 si
832 999 892 1042 nos
914 999 1037 1061 quoque
1065 997 1132 1040 non
1153 978 1280 1040 tantum
1306 974 1415 1059 paullo

270 1084 416 1169 pluribus
438 1085 644 1169 transpositis
667 1107 735 1171 arg.
754 1085 853 1152 Mere.
881 1089 896 1150 1
921 1090 967 1152 sic
989 1087 1223 1151 restituendum
1244 1086 1416 1150 dixerimus

412 1226 520 1286 missds
543 1228 715 1287 adulescens
738 1229 776 1286 hb
799 1247 853 1288 suo
875 1231 1038 1289 mereatum
1065 1231 1150 1304 patre

271 1381 329 1445 pro
357 1380 394 1423 eo
423 1358 507 1443 quod
529 1362 578 1423 est
599 1359 634 1423 in
655 1358 746 1424 libris
769 1373 934 1426 macetum
957 1367 996 1425 at
1017 1381 1071 1425 suo
1093 1337 1278 1440 adulescens,
1306 1379 1417 1423 verum

272 1471 385 1554 etiam,
415 1469 516 1548 sicubi
545 1468 627 1534 nihil
656 1469 766 1535 auxihi
794 1491 811 1534 c
838 1471 1088 1556 transpositione
1115 1469 1182 1554 peti
1205 1469 1317 1553 possit,
1345 1467 1418 1532 aliis

272 1579 463 1645 emendandi
489 1581 612 1645 artibus
638 1583 766 1645 utamur
788 1582 848 1664 cis,
879 1604 959 1667 quae
986 1581 1021 1645 in
1050 1583 1137 1645 certa
1166 1578 1417 1662 corruptelarum

271 1713 392 1777 genera
420 1691 637 1756 conveniant?
685 1690 784 1756 Velut
812 1691 928 1777 elapsis
962 1691 1164 1756 librariorum
1197 1689 1323 1753 incuria
1353 1689 1417 1752 sin-

272 1802 356 1887 gulis
379 1803 430 1866 vel
453 1801 584 1886 syllabis
607 1801 656 1867 vel
672 1801 793 1866 voculis
815 1823 909 1867 nemo
932 1805 979 1866 est
997 1802 1141 1887 profecto
1164 1799 1241 1884 quin
1263 1798 1416 1883 plurimos

272 1934 383 1977 versus
409 1913 547 1996 turpiter
574 1934 643 1977 esse
666 1916 832 1996 corruptos
856 1913 1019 1996 concedat,
1053 1909 1224 1996 inquibus
1246 1909 1353 1973 nullus
1376 1909 1419 1972 sit

273 2023 380 2088 hiatus
408 2024 523 2088 factus.
568 2022 685 2099 Quales
712 2023 747 2088 in
779 2021 830 2088 his
858 2021 1068 2108 Argumentis
1095 2023 1223 2105 praeter
1251 2019 1330 2084 alios
1360 2018 1418 2083 hos

272 2134 372 2199 habes
395 2135 488 2198 Asin.
512 2135 542 2199 3.
568 2133 661 2219 Capi.
684 2135 715 2198 4.
740 2132 818 2198 Oist.
845 2135 893 2198 10.
918 2133 1012 2218 Epid.
1035 2135 1066 2197 2.
1091 2131 1189 2196 Mero.
1214 2131 1247 2194 6:

414 2303 564 2361 numerari
586 2301 675 2361 iussit
702 2319 787 2361 servo
809 2300 977 2375 Leonidae:

417 2390 536 2445 tantum
558 2387 682 2446 studens
704 2389 739 2445 ut
760 2389 866 2446 natum
887 2388 1057 2461 recuperet:

301 2491 308 2508 ·
416 2472 520 2548 itaque
541 2472 607 2549 lege
620 2461 660 2531 'et
681 2472 739 2530 rite
762 2472 855 2532 civem
883 2471 1049 2549 cognitam:

416 2577 560 2633 persuasu
583 2558 660 2617 servi
684 2561 775 2633 atque
797 2557 989 2616 conductam:

417 2643 511 2701 tradit
532 2643 642 2702 vicino.
665 2661 734 2702 eum
755 2645 844 2717 putat
866 2661 941 2701 uxor
962 2641 1035 2701 sibi:

277 2801 323 2866 sie
345 2800 430 2864 enim
452 2799 486 2863 hi
509 2799 621 2884 scripti
643 2803 719 2864 sunt
740 2800 775 2864 in
798 2799 969 2864 codicibus.
997 2797 1131 2862 Hiscine
1152 2798 1254 2883 igitur
1275 2795 1419 2862 versibus

276 2915 313 2976 ut
339 2909 524 2996 supplendis
544 2909 667 2975 lacunis
684 2910 933 2974 succurrendum
955 2909 997 2972 sit
1019 2908 1208 2991 necessarie,
1233 2930 1299 2972 non
1321 2908 1419 2973 liceat

278 3023 316 3087 de
342 3022 460 3088 lacuna
488 3019 553 3084 ulla
581 3021 738 3105 cogitare,
769 3021 870 3085 sicubi
893 3019 941 3084 vel
969 3019 1004 3082 in
1026 3018 1156 3103 reliquis
1179 3017 1305 3083 sedibus
1327 3017 1418 3081 hient

278 3135 311 3198 et
332 3134 488 3198 fatiscant
509 3135 542 3196 et
561 3130 745 3196 dilabantur
759 3131 922 3214 versiculi,
945 3134 982 3195 ut
998 3129 1117 3213 Amph.
1138 3130 1168 3194 3.
1186 3128 1259 3194 Aul.
1278 3129 1308 3194 7.
1325 3127 1418 3193 Cure.

262 3229 309 3309 Nl.
333 3247 363 3308 2.
387 3243 482 3329 Epid.
506 3243 537 3308 5.
560 3243 659 3307 Mero.
686 3245 716 3308 7.
739 3241 837 3307 Poen.
861 3242 897 3306 6:

420 3413 474 3470 pro
496 3393 596 3469 patria
617 3393 798 3478 Amphitruo
822 3393 893 3450 dum
916 3391 1009 3450 cernit
1031 3410 1098 3449 cum
1119 3390 1274 3450 hostibus:

419 3499 451 3538 re
474 3479 555 3538 omni
577 3479 711 3553 inspect'a
733 3478 944 3554 compressoris
966 3477 1114 3536 servolus:

420 3563 559 3624 Curculio
581 3564 690 3622 missus
712 3563 890 3624 Phaedromi
913 3563 938 3622 it
960 3559 1093 3620 Cariam:

420 3653 456 3708 ut
477 3652 562 3726 petat
584 3651 751 3726 argentum.
774 3649 817 3707 ibi
839 3648 935 3707 cludit
957 3647 1063 3706 anulo:

420 3736 585 3810 inprudens
607 3735 723 3794 iuvenis
745 3751 931 3810 compressae
954 3751 986 3791 ac
1010 3731 1128 3790 militis:

424 3821 542 3879 obduxe
565 3823 705 3880 scortum.
728 3823 795 3878 tum
819 3817 981 3878 Charinum
1005 3837 1038 3876 ex
1062 3816 1151 3893 fuga:

423 3905 524 3965 lenoni
546 3906 693 3965 obtrudit.
716 3906 759 3964 ita
781 3923 848 3963 eum
872 3904 953 3962 furto
976 3903 1097 3978 alligat:

283 4051 333 4120 vel
361 4055 394 4118 in
416 4053 485 4139 ipso
507 4056 587 4139 pede
608 4054 704 4118 tertio
732 4052 781 4116 his
804 4050 973 4134 exemplis,
1003 4071 1082 4134 quae
1111 4049 1220 4114 statim
1248 4069 1310 4131 quo
1331 4046 1425 4112 modo

284 4165 532 4250 redintegranda
555 4167 665 4249 putem
687 4163 849 4249 significo:

428 4335 458 4391 et
480 4333 549 4392 lndo
570 4290 691 4408 pridem
715 4327 800 4410 [esse]
825 4330 1013 4406 emigratum.
1037 4326 1215 4386 intervenit:

426 4419 452 4478 ci
476 4421 612 4493 surrepto
637 4413 778 4497 [illorum]
803 4417 897 4474 altero
920 4435 998 4474 mors
1023 4413 1148 4490 dptigit:
