3300 5102
325 339 385 406 380
587 329 819 396 QVAESTIONES
842 325 1143 375 Toroonnrflrcnu.

326 513 352 578 ei
375 491 642 573 communicandus
664 484 841 571 sepulturae
864 481 950 546 loeus
972 483 1066 545 esset.
1097 480 1186 557 Quod
1202 503 1273 548 curn
1295 483 1341 546 ita
1363 505 1441 548 sanc

324 641 387 689 sese
408 611 529 691 habeat,
553 597 778 668 consectarium
800 613 866 658 esse
888 591 1023 674 videtur,
1047 595 1083 656 ut
1104 615 1217 677 parum
1241 591 1441 658 considerate

324 729 445 802 alenam
466 727 586 805 portam
608 709 703 776 Pialis
725 704 839 770 dixerit
859 704 893 768 in
916 725 985 768 eam
1008 704 1172 788 regionem
1189 705 1313 789 ducere,
1337 727 1355 768 a
1377 727 1440 789 qua

322 851 387 933 ipsa
417 832 585 900 beatiorum
618 820 742 906 quidem
778 814 946 880 arcebatur
985 814 1158 898 sepultura.
1214 814 1296 892 Quid
1332 819 1438 880 autem

322 951 438 1048 (andire
465 940 546 1007 enim
572 931 772 1000 adversantes
800 926 937 1010 videor),
966 925 992 988 si
1020 948 1061 989 ne
1089 948 1199 990 verum
1227 927 1354 1010 quidem
1384 927 1436 1008 sit,

321 1066 391 1136 solis
411 1048 595 1144 pauperibus
616 1041 713 1106 fuisse
728 1036 929 1121 Esquilinum
946 1057 1094 1120 campum
1108 1037 1327 1102 destinatum?
1349 1036 1439 1113 Quod

213 1217 223 1239 .
321 1199 377 1266 ego
397 1165 518 1256 quidem
540 1152 689 1222 suaserim
711 1151 747 1212 ut
768 1148 813 1212 sic
835 1146 950 1211 saltem
971 1147 1110 1211 dicatur:
1147 1171 1213 1213 non
1235 1147 1305 1212 sine
1327 1170 1439 1232 excep-

320 1293 401 1359 tione
423 1293 527 1344 verum
548 1285 624 1331 esse.
664 1261 747 1326 Nam
769 1260 803 1322 ct
823 1255 902 1321 alios
924 1257 1086 1322 dubitasse
1109 1280 1186 1323 sane
1209 1258 1273 1325 scio
1296 1262 1329 1324 et
1351 1258 1438 1324 Oica-

319 1399 399 1470 ronis
417 1377 627 1454 testimonium
645 1372 736 1436 video
750 1370 784 1434 in
797 1367 943 1434 Cremeri
961 1369 1073 1455 Antiq.
1090 1368 1183 1434 Rom.
1200 1393 1232 1454 p.
1245 1369 1306 1435 457
1319 1369 1368 1434 ed.
1382 1369 1437 1434 alt.

318 1494 595 1584 ephffippiearum
617 1482 673 1566 IX,
699 1483 727 1566 7,
753 1481 791 1544 17
819 1477 998 1544 aBachrio
1032 1480 1180 1562 allatum,
1213 1503 1275 1566 quo
1307 1481 1437 1547 honoris

318 1637 422 1692 caussa
442 1601 578 1692 potuisse
606 1596 641 1659 in
663 1613 774 1676 campo
801 1590 969 1675 Esquilino
991 1591 1171 1675 sepulcrum
1194 1591 1322 1656 decerni
1344 1592 1437 1656 intel-

316 1732 436 1818 legitur.
465 1713 533 1780 Hoc
554 1707 653 1792 igitur
675 1706 710 1768 ut
730 1703 776 1766 ita
792 1701 849 1765 sit:
873 1722 949 1786 ergo
972 1703 1150 1786 generatim
1172 1703 1315 1788 loquenti
1337 1701 1438 1767 nihilo

315 1844 413 1912 minus
434 1833 540 1895 tenere
561 1815 685 1896 licebit,
714 1813 795 1898 quod
824 1810 1010 1876 Horatianis
1033 1812 1235 1897 potissimum
1257 1812 1437 1880 scholiastis

314 1941 487 2023 suasoribus
516 1927 668 1995 creditum
696 1925 759 2006 est,
797 1923 967 2008 praecipue
996 1946 1150 2009 pauperes
1177 1924 1233 1988 illo
1255 1923 1436 2008 sepulturae

284 2039 378 2134 ¹loco
406 2068 476 2119 usos
503 2061 580 2107 esse.
625 2034 778 2099 Volumus
807 2037 913 2097 autem
942 2034 1123 2120 (possumus
1146 2035 1245 2120 enim)
1274 2033 1436 2099 liberalius

312 2174 403 2243 etiam
430 2175 522 2242 agere
551 2171 620 2214 cum
649 2143 836 2210 adversariis
858 2147 953 2228 atque
981 2145 1052 2230 plus
1073 2145 1187 2230 largiri
1209 2167 1305 2229 quam
1328 2166 1437 2209 conce-

262 2313 295 2364 rn
313 2285 419 2352 dimus.
463 2264 510 2332 Sit
536 2261 598 2341 ita,
628 2259 663 2320 ut
684 2255 812 2340 quidam
835 2255 989 2339 suspicati
1012 2259 1103 2321 sunt:
1130 2256 1229 2320 fucrit
1250 2254 1436 2340 Esquilinus

313 2405 435 2472 campus
456 2391 630 2462 pauperum
652 2369 684 2430 et
705 2364 911 2449 locupletium
934 2367 1126 2432 eommunis:
1162 2368 1290 2431 tantum
1313 2365 1436 2430 dubita-

309 2507 391 2572 tione
412 2505 535 2578 prorsus
560 2480 665 2560 vacat,
701 2498 767 2540 non
795 2475 897 2541 solum
925 2477 1040 2562 fuisse,
1076 2499 1138 2562 quo
1167 2477 1281 2542 divites
1309 2478 1436 2562 quidem

308 2606 481 2684 uterentur,
511 2587 685 2675 sepeliendi
713 2587 828 2651 locum.
874 2587 958 2664 Quos
987 2589 1057 2673 quis
1086 2590 1216 2674 ignorat
1244 2591 1334 2653 extra
1357 2588 1435 2654 alias

308 2721 410 2812 portes
437 2728 500 2772 non
527 2721 647 2786 paucas
676 2719 748 2762 cnm
778 2697 854 2762 alibi
882 2701 951 2764 tum
978 2701 1013 2763 in
1041 2700 1101 2764 uiis
1124 2699 1261 2786 publicis
1284 2721 1341 2764 suo
1363 2722 1435 2765 aare

308 2823 477 2902 exstructos
508 2809 646 2876 tumulos
674 2811 707 2872 et
733 2812 940 2874 monumenta
969 2809 1142 2874 habuisse?
1191 2811 1252 2875 His
1281 2811 1381 2896 igitur
1408 2813 1436 2875 si

305 2941 392 3034 ports
420 2923 518 2993 Motis
550 2941 617 2984 non
650 2922 777 3003 practer
805 2920 885 3014 alias
912 2921 950 2985 de
979 2925 1066 2985 certa
1096 2921 1343 3004 consuetudine,
1381 2923 1435 2984 sed

306 3048 427 3120 tantum
448 3035 532 3098 inter
555 3029 634 3093 alias
656 3030 776 3113 patuit,
801 3030 867 3095 sive
890 3054 927 3095 ea
949 3031 1055 3097 vicina
1077 3031 1264 3116 Esquilinae
1286 3031 1348 3095 fuit
1370 3031 1435 3095 sive

305 3163 343 3229 ab
369 3153 429 3217 hac
454 3164 496 3209 ne
525 3140 648 3204 diversa
675 3140 802 3224 quidem
831 3141 896 3206 sive
926 3141 1112 3228 longissime
1144 3143 1285 3225 distans,
1319 3140 1436 3226 quida

304 3264 415 3340 Plauto
448 3250 572 3318 institui
603 3249 743 3334 ineptius
775 3252 1004 3337 potuitquam
1032 3254 1161 3318 omnino
1189 3275 1286 3318 unam
1316 3254 1435 3317 certam

304 3375 425 3466 portam
448 3361 687 3427 commemorari
714 3361 1084 3446 significandaemortis
1107 3387 1234 3446 caussa,
1259 3385 1318 3428 nec
1340 3383 1435 3448 gene-

303 3482 394 3555 ratim
416 3485 507 3540 extro
525 3483 648 3552 portam
672 3472 758 3537 dici?
800 3473 913 3556 Itaque
942 3497 1013 3538 cum
1041 3497 1101 3540 nec
1128 3475 1155 3538 si
1178 3475 1265 3538 dives
1287 3495 1347 3538 nec
1369 3473 1395 3537 si
1418 3495 1436 3537 c

301 3583 490 3684 pauperibus
507 3581 685 3646 Cleostrata
706 3584 814 3668 fuerit,
838 3585 966 3649 defendi
987 3585 1104 3650 Metiae
1126 3588 1239 3669 portae
1261 3585 1295 3648 in
1318 3583 1435 3650 Casina

300 3697 418 3772 mentio
440 3695 552 3777 queat,
576 3715 641 3757 non
664 3695 768 3780 magis
791 3695 850 3760 hoc
873 3717 911 3758 ea
933 3695 984 3760 via
1007 3695 1126 3760 efficies
1149 3717 1245 3780 quarn
1267 3694 1341 3759 iniit
1363 3695 1435 3778 Lip-

300 3795 372 3880 sius.
417 3805 449 3870 Is
481 3802 567 3880 caim
600 3826 665 3869 non
697 3805 894 3891 sepulturam
926 3809 1053 3870 tantum
1077 3805 1292 3890 Cleostratae,
1326 3805 1358 3870 id
1387 3809 1436 3870 est

299 3916 430 4002 simplex
453 3915 564 3980 mortis
587 3937 699 4002 genus,
724 3917 777 3981 sed
799 3916 947 4002 supplicii
969 3917 1137 3982 infamiam
1159 3917 1309 3980 amarito
1331 3917 1435 4000 optari

298 4026 492 4096 existimavit
514 4027 592 4092 satis
614 4027 812 4092 mirabiliter.
857 4027 940 4091 Nam
963 4027 1192 4112 suppliciorum
1214 4027 1352 4112 quidem,
1376 4047 1435 4091 nec

299 4135 458 4206 servilium
489 4141 632 4222 tantum,
666 4139 749 4223 quod
784 4139 928 4204 conicere
961 4138 1120 4224 quispiam
1148 4161 1165 4202 e
1194 4137 1298 4202 Taciti
1330 4136 1435 4202 verbis

298 4249 385 4312 Ann.
409 4245 481 4331 XV,
505 4250 547 4314 60
567 4250 683 4334 possit,
712 4249 908 4314 tralaticium
935 4249 1040 4314 locum
1062 4252 1095 4313 et
1115 4248 1322 4334 praecipuum
1345 4249 1436 4312 extra

297 4361 423 4442 portam
444 4359 645 4446 Esquilinam
659 4361 758 4427 fuisse
774 4365 895 4427 certum
910 4363 969 4426 est.
1001 4361 1047 4426 at
1061 4362 1170 4425 tamen
1186 4359 1219 4423 in
1236 4357 1434 4425 Statinoncm
1518 4385 1525 4396 ·
