3300 5102
276 312 338 377 378
550 332 789 392 ovrusrronus
814 334 1120 384 uorocuarmcau.

229 562 250 588 ·
277 483 415 570 ceret*),
446 485 577 550 Maiiam
608 487 674 551 sive
706 488 813 571 potius
841 488 998 554 Maeciam
1027 490 1116 576 (narn
1146 516 1165 555 a
1193 492 1278 557 tribu
1312 495 1412 580 ducit)

275 595 389 659 statuit
412 597 452 659 ab
474 597 642 681 Esquilina
670 598 766 681 plane
793 599 951 664 diversam
978 604 1011 665 et
1031 601 1118 666 inter
1143 602 1229 667 hanc
1256 603 1413 690 Querque-

274 706 482 792 tulanamqne
509 708 616 792 posuit
644 708 791 774 mediam.
837 710 932 777 Cuius
960 699 1101 776 instituti
1123 735 1189 778 non
1212 713 1415 800 adsequimur

274 839 386 882 sanam
409 819 578 884 rationem.
623 819 707 884 Nam
735 824 772 885 ut
793 821 879 886 aliud
901 823 1051 908 quiddam
1072 846 1159 888 nuuc
1180 825 1324 909 mittam,
1353 836 1414 891 nee

275 951 331 1014 per
353 952 387 995 se
409 931 506 995 habet
527 930 606 996 illud
622 936 847 1017 argumentum
869 934 933 998 vim
949 933 1056 1018 ullam,
1082 957 1163 1018 eum,
1188 936 1272 1020 qnod
1294 937 1413 1002 etiam

275 1041 352 1105 alibi
385 1041 546 1107 interdum
583 1044 689 1126 fieret,
724 1046 832 1108 tamen
865 1045 908 1108 de
941 1067 1045 1110 more
1078 1046 1220 1130 potuerit
1253 1046 1413 1131 Esquilini

275 1153 380 1238 campi
408 1153 573 1238 proprium
602 1176 685 1218 esse:
722 1177 781 1219 noc
811 1155 839 1219 si
866 1154 1016 1238 haberet,
1046 1156 1108 1220 alio
1130 1157 1266 1241 valeret,
1291 1158 1354 1222 nisi
1377 1161 1413 1222 ut

274 1286 339 1329 non
361 1265 542 1329 necessario
564 1265 697 1328 eandem
720 1287 787 1330 esse
803 1265 936 1330 Metiam
951 1271 1047 1351 atque
1062 1267 1263 1352 Esquilinam
1285 1269 1412 1333 creden-

243 1372 249 1390 '
274 1375 357 1459 clam,
382 1376 436 1439 sed
459 1397 573 1460 posse
595 1379 764 1460 utramque
786 1377 945 1441 diversam
966 1376 1079 1442 haberi
1102 1381 1281 1462 appareret.
1327 1377 1408 1454 Quid

274 1489 380 1550 autem
402 1487 481 1551 illud
504 1487 633 1552 tandem
657 1509 724 1552 esse
747 1487 898 1572 dicamus,
923 1488 1005 1574 quod
1028 1489 1068 1553 ab
1090 1489 1152 1553 isto
1168 1489 1294 1573 quidem
1318 1511 1413 1575 argn-

273 1600 382 1662 mento
403 1598 565 1683 profectus
587 1598 649 1683 ipsi
671 1598 857 1682 Esquilinae
885 1599 1063 1683 proximam
1085 1599 1215 1684 posuit?
1258 1599 1360 1676 Quam
1383 1600 1410 1664 si

273 1709 342 1792 quis
371 1708 508 1773 mediam
534 1709 648 1773 fecerit
673 1709 759 1773 inter
782 1709 939 1776 Collinam
969 1713 1001 1774 et
1024 1710 1218 1794 Salutarem,
1247 1711 1298 1775 vel
1326 1711 1411 1775 ictor

274 1819 437 1903 Capenam
459 1819 806 1904 Caelimontanamque,
829 1821 879 1885 vcl
901 1844 919 1885 a
941 1821 1032 1886 laeva
1054 1822 1169 1885 saltem
1190 1824 1281 1906 parto
1299 1820 1412 1906 Esqui-

273 1931 358 1994 linae
380 1930 465 1994 inter
486 1933 570 1995 hanc
593 1935 625 1996 et
647 1930 856 1997 Viminalem:
894 1933 922 1996 ei
945 1933 1020 2016 quid
1042 1932 1173 1997 tandem
1195 1931 1342 2016 Nibbyus
1364 1955 1409 1996 re-

274 2063 449 2126 sponsurus
480 2041 602 2106 fuerit?
646 2043 752 2126 Atque
773 2042 917 2107 instituit
938 2043 1004 2108 eius
1032 2043 1117 2108 modi
1147 2042 1296 2128 quiddam
1330 2042 1410 2106 alius

273 2153 425 2237 scriptor,
450 2153 632 2237 Stephanus
655 2152 744 2218 Piale
766 2154 990 2219 dissertatione
1013 2160 1090 2219 delle
1112 2165 1203 2235 poree
1223 2160 1274 2218 del
1294 2159 1410 2219 reeinto

273 2271 306 2328 ur·
326 2255 432 2329 Servio
457 2268 556 2329 Tullio
577 2270 657 2328 nella
681 2275 775 2345 porte
798 2271 944 2329 orientale
972 2271 1007 2330 ca·
1032 2270 1128 2330 Romu
1157 2286 1185 2328 a.
1213 2265 1294 2329 1833
1324 2263 1409 2328 edita

273 2399 305 2460 p.
327 2375 367 2438 21
391 2397 450 2460 sq,
474 2375 529 2439 ubi
551 2375 625 2440 inde
648 2398 666 2438 a
682 2375 807 2440 Collina
827 2378 888 2441 hoc
910 2398 978 2441 sese
1001 2375 1112 2440 ordine
1135 2375 1278 2460 singulus
1300 2377 1410 2458 portas

274 2485 435 2571 excepisse
450 2487 559 2551 finxit:
583 2485 751 2571 Collinam,
766 2487 971 2571 (latulariam,
984 2485 1188 2570 Viminalem,
1206 2484 1407 2565 &illatinam

274 2597 429 2662 Maeciam
459 2597 573 2684 (Mecia
596 2597 707 2664 scribit
733 2620 791 2682 pro
814 2603 936 2681 Mezia,
966 2619 1157 2682 quamquam
1180 2619 1198 2660 a
1220 2593 1318 2659 Matio
1346 2594 1409 2658 dic-

273 2711 341 2772 tam
363 2709 504 2794 putans),
529 2709 741 2794 Esquilinam.
786 2709 868 2774 Nolo
890 2731 978 2773 nunc
999 2708 1120 2792 reliqua
1142 2708 1332 2790 impugnare
1354 2728 1407 2769 no-

273 2820 376 2884 mina:
401 2823 513 2885 contra
535 2842 615 2904 quae
631 2844 668 2885 ea
683 2820 745 2884 diei
767 2823 911 2904 possunt,
936 2841 1016 2903 qnae
1038 2818 1169 2883 difficile
1191 2817 1289 2881 fuerit
1310 2815 1410 2899 repel-

272 2929 353 2995 lere:
376 2929 410 2994 in
431 2930 501 3014 ipsa
523 2931 624 2996 Metia
646 2931 893 3016 disputationem
917 2930 1073 2994 contineo.
1105 2929 1216 3013 Itaque
1238 2926 1290 3002 hic
1313 2927 1410 3009 scrip·

273 3044 324 3105 tor
346 3064 402 3106 cur
423 3043 512 3106 iuxta
530 3041 747 3126 Esquilinam,
771 3063 962 3126 quamquam
985 3041 1024 3104 ad
1044 3039 1169 3104 laevam
1189 3039 1294 3123 potius
1316 3059 1409 3122 quarn

275 3175 347 3216 eum
368 3151 495 3237 Nibbyo
518 3153 558 3216 ad
575 3153 735 3238 'dextram
758 3152 863 3218 locum
879 3152 996 3217 Metiae
1017 3153 1129 3236 portae
1151 3147 1339 3234 adsignarit,
1363 3146 1410 3210 in·

274 3263 384 3348 tellegi
413 3267 497 3328 certe
524 3267 644 3348 potest3
677 3265 795 3348 quippe
821 3285 888 3327 non
922 3261 1106 3344 dubitabat,
1143 3260 1221 3344 quin
1254 3260 1292 3323 de
1323 3279 1410 3322 more

274 3374 440 3458 suppliciis
473 3373 715 3459 sepulturaeque
754 3396 884 3458 campus
920 3372 1106 3458 Esquilinus
1143 3369 1340 3451 inservierit,
1377 3366 1411 3431 id

274 3485 358 3569 quod
379 3489 556 3570 negaverat
577 3484 733 3570 Nibbyus.
768 3485 961 3568 Accedebat,
985 3483 1068 3568 quod
1090 3482 1225 3547 duamm
1247 3481 1411 3564 portarum

342 3735 368 3803 *)
391 3734 508 3803 ‘Onera'
529 3736 584 3791 due
606 3736 688 3802 passi
712 3734 755 3800 (di
770 3734 885 3800 Plauto)
908 3734 1007 3803 secero
1030 3731 1069 3786 od
1085 3730 1183 3786 alcuni
1200 3729 1328 3785 rnoderm'
1344 3743 1410 3784 con-

274 3831 397 3901 fundere
416 3830 444 3885 la
458 3835 544 3898 portu
561 3827 656 3884 Μαῖα
673 3828 746 3885 eolla
765 3826 923 3895 Esquilina,
938 3823 1047 3894 percae
1065 3823 1112 3880 nel
1127 3825 1219 3891 ammo
1237 3824 1264 3880 ai
1278 3822 1365 3890 parta
1382 3822 1413 3876 a·

277 3941 317 3982 un
339 3941 420 3992 rouo,
449 3922 496 3980 nel
516 3923 638 3980 secondo
661 3922 691 3978 di
714 3938 753 3978 un
774 3920 928 3990 supplicio,
956 3933 1033 3975 come
1050 3917 1126 3974 soliti
1141 3919 1223 3988 sarsi
1237 3917 1321 3986 fuori
1337 3915 1412 3972 dello

273 4024 359 4088 porto
377 4017 480 4075 Maria.
515 4016 566 4073 Ma
584 4023 688 4084 quanto
707 4016 735 4071 al
750 4017 843 4085 primo
862 4031 918 4071 noa
939 4030 991 4070 ero
1007 4014 1150 4081 privativa
1168 4011 1243 4068 della
1260 4015 1344 4078 portu
1357 4009 1411 4066 Es-

277 4113 383 4180 quilina
411 4111 473 4168 sola
494 4110 586 4168 l'over
606 4109 688 4180 fuori
714 4109 850 4178 sepulcri,
874 4125 889 4164 e
912 4107 1012 4177 percit
1033 4105 1204 4174 perlandori
1229 4104 1260 4160 a·
1282 4120 1321 4158 aa
1345 4119 1412 4169 roco

278 4223 334 4262 noa
357 4222 393 4262 ne
415 4221 500 4273 seque
522 4204 573 4260 cte
595 4204 624 4258 lo
645 4203 740 4259 Mezia
757 4203 843 4272 fosse
861 4219 920 4258 orio
934 4205 1036 4258 aleam
1052 4205 1136 4268 portu
1155 4197 1228 4254 eolla
1246 4196 1412 4264 Esquilino:

277 4303 381 4367 meanto
395 4301 446 4367 poi
463 4300 492 4353 cl
508 4298 647 4366 srcppb'zr'o
666 4313 774 4352 ancora
792 4301 889 4364 questo
902 4312 958 4351 non
971 4297 997 4352 si
1014 4294 1146 4360 coenulvo
1163 4289 1223 4348 solo
1240 4290 1322 4359 suon'
1338 4289 1412 4345 dello

274 4399 360 4466 porto
378 4391 537 4461 Esquilino,
556 4409 601 4447 mo
616 4406 690 4460 pare
709 4393 738 4446 ia
757 4390 825 4447 altri
841 4389 944 4457 iacobi,
963 4403 978 4444 e
996 4389 1096 4444 derrtro
1113 4385 1142 4442 lo
1160 4383 1228 4441 cura
1248 4388 1377 4440 amoro)
