<?xml version="1.0" encoding="UTF-8"?>
<!DOCTYPE html PUBLIC "-//W3C//DTD XHTML 1.0 Transitional//EN"
    "http://www.w3.org/TR/xhtml1/DTD/xhtml1-transitional.dtd">
<html xmlns="http://www.w3.org/1999/xhtml" xml:lang="en" lang="en">
 <head>
  <title>
</title>
<meta http-equiv="Content-Type" content="text/html;charset=utf-8" />
  <meta name='ocr-system' content='tesseract 3.04.00' />
  <meta name='ocr-capabilities' content='ocr_page ocr_carea ocr_par ocr_line ocrx_word'/>
</head>
<body>
  <div class='ocr_page' id='page_1' title='image "./fridericiritsch10wachgoog/fridericiritsch10wachgoog_0412.png"; bbox 0 0 3300 5102; ppageno 0'>
   <div class='ocr_carea' id='block_1_1' title="bbox 468 335 1347 418">
    <p class='ocr_par' dir='ltr' id='par_1_1' title="bbox 468 335 1347 418">
     <span class='ocr_line' id='line_1_1' title="bbox 468 335 1347 418; baseline -0.022 0"><span class='ocrx_word' id='word_1_1' title='bbox 468 372 515 418; x_wconf 83' lang='lat' dir='ltr'>on</span> <span class='ocrx_word' id='word_1_2' title='bbox 537 369 651 418; x_wconf 81' lang='lat' dir='ltr'>roera</span> <span class='ocrx_word' id='word_1_3' title='bbox 676 356 821 416; x_wconf 82' lang='lat' dir='ltr'>‘rrnrm’</span> <span class='ocrx_word' id='word_1_4' title='bbox 844 363 946 412; x_wconf 81' lang='lat' dir='ltr'>varus</span> <span class='ocrx_word' id='word_1_5' title='bbox 969 358 1100 410; x_wconf 80' lang='lat' dir='ltr'>nonan.</span> <span class='ocrx_word' id='word_1_6' title='bbox 1290 335 1347 401; x_wconf 84' lang='lat'>381</span> 
     </span>
    </p>
   </div>
   <div class='ocr_carea' id='block_1_2' title="bbox 193 503 1428 4487">
    <p class='ocr_par' dir='ltr' id='par_1_2' title="bbox 193 503 1428 4043">
     <span class='ocr_line' id='line_1_2' title="bbox 216 503 1351 617; baseline -0.021 -23"><span class='ocrx_word' id='word_1_7' title='bbox 216 527 324 617; x_wconf 87' lang='lat' dir='ltr'>[immo</span> <span class='ocrx_word' id='word_1_8' title='bbox 347 526 453 592; x_wconf 79' lang='lat' dir='ltr'>‘nihili</span> <span class='ocrx_word' id='word_1_9' title='bbox 486 525 616 590; x_wconf 89' lang='lat' dir='ltr'>nomine</span> <span class='ocrx_word' id='word_1_10' title='bbox 648 523 784 587; x_wconf 88' lang='lat' dir='ltr'>barbaro</span> <span class='ocrx_word' id='word_1_11' title='bbox 817 520 987 584; x_wconf 90' lang='lat' dir='ltr'>liberatum</span> <span class='ocrx_word' id='word_1_12' title='bbox 1016 519 1208 596; x_wconf 75' lang='lat' dir='ltr'>Lysidomom</span> <span class='ocrx_word' id='word_1_13' title='bbox 1222 503 1351 593; x_wconf 74' lang='lat' dir='ltr'>potius]</span> 
     </span>
     <span class='ocr_line' id='line_1_3' title="bbox 216 617 1353 730; baseline -0.022 -25"><span class='ocrx_word' id='word_1_14' title='bbox 216 640 416 730; x_wconf 64' lang='lat' dir='ltr'>Cleostratus</span> <span class='ocrx_word' id='word_1_15' title='bbox 438 638 587 701; x_wconf 89' lang='lat' dir='ltr'>maritum</span> <span class='ocrx_word' id='word_1_16' title='bbox 610 636 681 718; x_wconf 89' lang='lat' dir='ltr'>quis</span> <span class='ocrx_word' id='word_1_17' title='bbox 704 633 833 697; x_wconf 89' lang='lat' dir='ltr'>tandem</span> <span class='ocrx_word' id='word_1_18' title='bbox 859 629 920 694; x_wconf 88' lang='lat' dir='ltr'>sibi</span> <span class='ocrx_word' id='word_1_19' title='bbox 943 625 1133 712; x_wconf 87' lang='lat' dir='ltr'>persuadeat</span> <span class='ocrx_word' id='word_1_20' title='bbox 1154 623 1246 688; x_wconf 88' lang='lat' dir='ltr'>istius</span> <span class='ocrx_word' id='word_1_21' title='bbox 1268 617 1353 684; x_wconf 93' lang='lat' dir='ltr'>modi</span> 
     </span>
     <span class='ocr_line' id='line_1_4' title="bbox 215 729 1354 823; baseline -0.018 -9"><span class='ocrx_word' id='word_1_22' title='bbox 215 751 416 814; x_wconf 73' lang='lat' dir='ltr'>atrocitatem</span> <span class='ocrx_word' id='word_1_23' title='bbox 453 747 587 812; x_wconf 82' lang='lat' dir='ltr'>cadere?</span> <span class='ocrx_word' id='word_1_24' title='bbox 637 745 742 810; x_wconf 80' lang='lat' dir='ltr'>Servis</span> <span class='ocrx_word' id='word_1_25' title='bbox 777 743 856 807; x_wconf 89' lang='lat' dir='ltr'>tolia</span> <span class='ocrx_word' id='word_1_26' title='bbox 884 740 929 804; x_wconf 91' lang='lat' dir='ltr'>eri</span> <span class='ocrx_word' id='word_1_27' title='bbox 957 738 1175 823; x_wconf 79' lang='lat' dir='ltr'>imprecantur</span> <span class='ocrx_word' id='word_1_28' title='bbox 1202 733 1276 798; x_wconf 87' lang='lat' dir='ltr'>irati</span> <span class='ocrx_word' id='word_1_29' title='bbox 1305 729 1354 794; x_wconf 87' lang='lat' dir='ltr'>vel</span> 
     </span>
     <span class='ocr_line' id='line_1_5' title="bbox 217 843 1354 940; baseline -0.017 -15"><span class='ocrx_word' id='word_1_30' title='bbox 217 863 362 926; x_wconf 87' lang='lat' dir='ltr'>conservi</span> <span class='ocrx_word' id='word_1_31' title='bbox 385 864 417 924; x_wconf 90' lang='lat' dir='ltr'>et</span> <span class='ocrx_word' id='word_1_32' title='bbox 438 860 585 940; x_wconf 83' lang='lat' dir='ltr'>lenones,</span> <span class='ocrx_word' id='word_1_33' title='bbox 612 859 648 918; x_wconf 90' lang='lat' dir='ltr'>ut</span> <span class='ocrx_word' id='word_1_34' title='bbox 669 857 703 920; x_wconf 91' lang='lat' dir='ltr'>in</span> <span class='ocrx_word' id='word_1_35' title='bbox 726 855 804 938; x_wconf 89' lang='lat' dir='ltr'>ipsis</span> <span class='ocrx_word' id='word_1_36' title='bbox 833 851 981 916; x_wconf 90' lang='lat' dir='ltr'>Pseuduli</span> <span class='ocrx_word' id='word_1_37' title='bbox 1004 848 1177 931; x_wconf 87' lang='lat' dir='ltr'>Militisque</span> <span class='ocrx_word' id='word_1_38' title='bbox 1201 843 1354 924; x_wconf 87' lang='lat' dir='ltr'>versibus,</span> 
     </span>
     <span class='ocr_line' id='line_1_6' title="bbox 217 961 1353 1052; baseline -0.015 -17"><span class='ocrx_word' id='word_1_39' title='bbox 217 971 265 1035; x_wconf 85' lang='lat' dir='ltr'>vel</span> <span class='ocrx_word' id='word_1_40' title='bbox 286 971 320 1035; x_wconf 89' lang='lat' dir='ltr'>in</span> <span class='ocrx_word' id='word_1_41' title='bbox 344 971 464 1036; x_wconf 81' lang='lat' dir='ltr'>Casina</span> <span class='ocrx_word' id='word_1_42' title='bbox 486 969 534 1052; x_wconf 83' lang='grc' dir='ltr'>ΙΙ,</span> <span class='ocrx_word' id='word_1_43' title='bbox 557 969 588 1050; x_wconf 83' lang='grc'>4,</span> <span class='ocrx_word' id='word_1_44' title='bbox 612 967 670 1030; x_wconf 76' lang='grc' dir='ltr'>21ε</span> <span class='ocrx_word' id='word_1_45' title='bbox 707 978 743 1052; x_wconf 34' lang='grc' dir='ltr'>ιιι,</span> <span class='ocrx_word' id='word_1_46' title='bbox 760 970 879 1044; x_wconf 82' lang='lat' dir='ltr'>qar&#39;dem</span> <span class='ocrx_word' id='word_1_47' title='bbox 899 967 953 1043; x_wconf 85' lang='lat' dir='ltr'>pol</span> <span class='ocrx_word' id='word_1_48' title='bbox 969 981 1081 1042; x_wconf 82' lang='lat' dir='ltr'>pereas</span> <span class='ocrx_word' id='word_1_49' title='bbox 1102 964 1243 1023; x_wconf 77' lang='lat' dir='ltr'>cruciatu</span> <span class='ocrx_word' id='word_1_50' title='bbox 1264 961 1353 1030; x_wconf 84' lang='lat' dir='ltr'>molo,</span> 
     </span>
     <span class='ocr_line' id='line_1_7' title="bbox 217 1065 1356 1166; baseline -0.016 -21"><span class='ocrx_word' id='word_1_51' title='bbox 217 1093 248 1145; x_wconf 84' lang='lat' dir='ltr'>et</span> <span class='ocrx_word' id='word_1_52' title='bbox 270 1105 350 1166; x_wconf 69' lang='lat' dir='ltr'>(puae</span> <span class='ocrx_word' id='word_1_53' title='bbox 374 1081 450 1145; x_wconf 89' lang='lat' dir='ltr'>alibi</span> <span class='ocrx_word' id='word_1_54' title='bbox 473 1082 548 1144; x_wconf 90' lang='lat' dir='ltr'>sunt</span> <span class='ocrx_word' id='word_1_55' title='bbox 571 1076 687 1140; x_wconf 82' lang='lat' dir='ltr'>similia</span> <span class='ocrx_word' id='word_1_56' title='bbox 710 1077 871 1140; x_wconf 89' lang='lat' dir='ltr'>sescenta:</span> <span class='ocrx_word' id='word_1_57' title='bbox 908 1071 1095 1135; x_wconf 89' lang='lat' dir='ltr'>maritorum</span> <span class='ocrx_word' id='word_1_58' title='bbox 1118 1071 1167 1132; x_wconf 90' lang='lat' dir='ltr'>est</span> <span class='ocrx_word' id='word_1_59' title='bbox 1187 1069 1299 1150; x_wconf 88' lang='lat' dir='ltr'>optare</span> <span class='ocrx_word' id='word_1_60' title='bbox 1321 1065 1356 1127; x_wconf 91' lang='lat' dir='ltr'>in</span> 
     </span>
     <span class='ocr_line' id='line_1_8' title="bbox 216 1178 1353 1275; baseline -0.015 -19"><span class='ocrx_word' id='word_1_61' title='bbox 216 1193 395 1275; x_wconf 87' lang='lat' dir='ltr'>comoedia,</span> <span class='ocrx_word' id='word_1_62' title='bbox 431 1194 467 1254; x_wconf 89' lang='lat' dir='ltr'>ut</span> <span class='ocrx_word' id='word_1_63' title='bbox 494 1193 595 1254; x_wconf 88' lang='lat' dir='ltr'>morte</span> <span class='ocrx_word' id='word_1_64' title='bbox 625 1209 756 1252; x_wconf 88' lang='lat' dir='ltr'>uxomm</span> <span class='ocrx_word' id='word_1_65' title='bbox 791 1183 987 1248; x_wconf 85' lang='lat' dir='ltr'>matrimonii</span> <span class='ocrx_word' id='word_1_66' title='bbox 1020 1180 1166 1246; x_wconf 89' lang='lat' dir='ltr'>molestia</span> <span class='ocrx_word' id='word_1_67' title='bbox 1199 1178 1353 1242; x_wconf 84' lang='lat' dir='ltr'>leventur.</span> 
     </span>
     <span class='ocr_line' id='line_1_9' title="bbox 216 1287 1354 1382; baseline -0.016 -14"><span class='ocrx_word' id='word_1_68' title='bbox 216 1305 315 1368; x_wconf 88' lang='lat' dir='ltr'>Recte</span> <span class='ocrx_word' id='word_1_69' title='bbox 338 1303 399 1366; x_wconf 89' lang='lat' dir='ltr'>hoe</span> <span class='ocrx_word' id='word_1_70' title='bbox 422 1301 577 1366; x_wconf 76' lang='lat' dir='ltr'>Gruterus</span> <span class='ocrx_word' id='word_1_71' title='bbox 605 1298 782 1382; x_wconf 82' lang='lat' dir='ltr'>perspexit,</span> <span class='ocrx_word' id='word_1_72' title='bbox 808 1297 858 1359; x_wconf 92' lang='lat' dir='ltr'>cui</span> <span class='ocrx_word' id='word_1_73' title='bbox 881 1293 1068 1358; x_wconf 80' lang='lat' dir='ltr'>incredibile</span> <span class='ocrx_word' id='word_1_74' title='bbox 1092 1291 1193 1355; x_wconf 89' lang='lat' dir='ltr'>visum</span> <span class='ocrx_word' id='word_1_75' title='bbox 1216 1290 1262 1353; x_wconf 86' lang='lat' dir='ltr'>ita</span> <span class='ocrx_word' id='word_1_76' title='bbox 1285 1287 1354 1352; x_wconf 79' lang='lat' dir='ltr'>Sta-</span> 
     </span>
     <span class='ocr_line' id='line_1_10' title="bbox 215 1400 1355 1494; baseline -0.013 -18"><span class='ocrx_word' id='word_1_77' title='bbox 215 1413 357 1478; x_wconf 89' lang='lat' dir='ltr'>linonem</span> <span class='ocrx_word' id='word_1_78' title='bbox 380 1413 483 1476; x_wconf 89' lang='lat' dir='ltr'>odisse</span> <span class='ocrx_word' id='word_1_79' title='bbox 498 1432 627 1476; x_wconf 88' lang='lat' dir='ltr'>uxorem</span> <span class='ocrx_word' id='word_1_80' title='bbox 651 1407 845 1494; x_wconf 86' lang='lat' dir='ltr'>(extimescit</span> <span class='ocrx_word' id='word_1_81' title='bbox 860 1405 965 1490; x_wconf 88' lang='lat' dir='ltr'>potius</span> <span class='ocrx_word' id='word_1_82' title='bbox 981 1426 1076 1488; x_wconf 89' lang='lat' dir='ltr'>quam</span> <span class='ocrx_word' id='word_1_83' title='bbox 1092 1403 1184 1488; x_wconf 89' lang='lat' dir='ltr'>odit),</span> <span class='ocrx_word' id='word_1_84' title='bbox 1207 1403 1243 1463; x_wconf 92' lang='lat' dir='ltr'>ut</span> <span class='ocrx_word' id='word_1_85' title='bbox 1258 1400 1355 1463; x_wconf 90' lang='lat' dir='ltr'>etiarn</span> 
     </span>
     <span class='ocr_line' id='line_1_11' title="bbox 218 1509 1357 1607; baseline -0.012 -20"><span class='ocrx_word' id='word_1_86' title='bbox 218 1546 291 1586; x_wconf 89' lang='lat' dir='ltr'>cum</span> <span class='ocrx_word' id='word_1_87' title='bbox 307 1525 431 1587; x_wconf 88' lang='lat' dir='ltr'>suamet</span> <span class='ocrx_word' id='word_1_88' title='bbox 454 1521 634 1607; x_wconf 85' lang='lat' dir='ltr'>ignominia</span> <span class='ocrx_word' id='word_1_89' title='bbox 650 1518 863 1583; x_wconf 82' lang='lat' dir='ltr'>excruciatam</span> <span class='ocrx_word' id='word_1_90' title='bbox 879 1514 985 1580; x_wconf 89' lang='lat' dir='ltr'>vellet.</span> <span class='ocrx_word' id='word_1_91' title='bbox 1016 1513 1244 1577; x_wconf 87' lang='lat' dir='ltr'>Excruciatam</span> <span class='ocrx_word' id='word_1_92' title='bbox 1259 1509 1357 1574; x_wconf 86' lang='lat' dir='ltr'>vero?</span> 
     </span>
     <span class='ocr_line' id='line_1_12' title="bbox 218 1621 1357 1710; baseline -0.01 -15"><span class='ocrx_word' id='word_1_93' title='bbox 218 1635 313 1697; x_wconf 90' lang='lat' dir='ltr'>immo</span> <span class='ocrx_word' id='word_1_94' title='bbox 344 1633 558 1706; x_wconf 74' lang='lat' dir='ltr'>combustam,</span> <span class='ocrx_word' id='word_1_95' title='bbox 591 1631 671 1695; x_wconf 90' lang='lat' dir='ltr'>miro</span> <span class='ocrx_word' id='word_1_96' title='bbox 703 1629 798 1695; x_wconf 87' lang='lat' dir='ltr'>ctiam</span> <span class='ocrx_word' id='word_1_97' title='bbox 827 1625 976 1710; x_wconf 90' lang='lat' dir='ltr'>supplicii</span> <span class='ocrx_word' id='word_1_98' title='bbox 1004 1647 1131 1710; x_wconf 82' lang='lat' dir='ltr'>genere.</span> <span class='ocrx_word' id='word_1_99' title='bbox 1183 1623 1266 1686; x_wconf 87' lang='lat' dir='ltr'>Nam</span> <span class='ocrx_word' id='word_1_100' title='bbox 1302 1621 1357 1708; x_wconf 89' lang='lat' dir='ltr'>(ne</span> 
     </span>
     <span class='ocr_line' id='line_1_13' title="bbox 218 1736 1357 1828; baseline -0.011 -21"><span class='ocrx_word' id='word_1_101' title='bbox 218 1745 288 1827; x_wconf 86' lang='lat' dir='ltr'>quis</span> <span class='ocrx_word' id='word_1_102' title='bbox 304 1745 402 1828; x_wconf 81' lang='lat' dir='ltr'>erret)</span> <span class='ocrx_word' id='word_1_103' title='bbox 425 1747 582 1807; x_wconf 89' lang='lat' dir='ltr'>mortuam</span> <span class='ocrx_word' id='word_1_104' title='bbox 599 1741 725 1826; x_wconf 87' lang='lat' dir='ltr'>quidem</span> <span class='ocrx_word' id='word_1_105' title='bbox 740 1761 805 1804; x_wconf 90' lang='lat' dir='ltr'>non</span> <span class='ocrx_word' id='word_1_106' title='bbox 821 1739 925 1802; x_wconf 90' lang='lat' dir='ltr'>minus</span> <span class='ocrx_word' id='word_1_107' title='bbox 943 1736 1103 1800; x_wconf 88' lang='lat' dir='ltr'>commode</span> <span class='ocrx_word' id='word_1_108' title='bbox 1125 1737 1252 1819; x_wconf 89' lang='lat' dir='ltr'>poterat</span> <span class='ocrx_word' id='word_1_109' title='bbox 1275 1755 1357 1796; x_wconf 93' lang='lat' dir='ltr'>com-</span> 
     </span>
     <span class='ocr_line' id='line_1_14' title="bbox 222 1844 1358 1940; baseline -0.01 -22"><span class='ocrx_word' id='word_1_110' title='bbox 222 1857 348 1918; x_wconf 88' lang='lat' dir='ltr'>bustam</span> <span class='ocrx_word' id='word_1_111' title='bbox 371 1854 417 1940; x_wconf 89' lang='lat' dir='ltr'>(b.</span> <span class='ocrx_word' id='word_1_112' title='bbox 435 1877 462 1918; x_wconf 90' lang='lat' dir='ltr'>e.</span> <span class='ocrx_word' id='word_1_113' title='bbox 487 1859 643 1917; x_wconf 69' lang='lat' dir='ltr'>ardentem</span> <span class='ocrx_word' id='word_1_114' title='bbox 666 1863 757 1916; x_wconf 78' lang='lat' dir='ltr'>arou</span> <span class='ocrx_word' id='word_1_115' title='bbox 774 1849 908 1934; x_wconf 79' lang='lat' dir='ltr'>portam)</span> <span class='ocrx_word' id='word_1_116' title='bbox 932 1869 1027 1932; x_wconf 87' lang='lat' dir='ltr'>quam</span> <span class='ocrx_word' id='word_1_117' title='bbox 1051 1846 1208 1931; x_wconf 86' lang='lat' dir='ltr'>sepultam</span> <span class='ocrx_word' id='word_1_118' title='bbox 1231 1845 1280 1909; x_wconf 90' lang='lat' dir='ltr'>vel</span> <span class='ocrx_word' id='word_1_119' title='bbox 1302 1844 1358 1908; x_wconf 93' lang='lat' dir='ltr'>bu-</span> 
     </span>
     <span class='ocr_line' id='line_1_15' title="bbox 219 1956 1358 2045; baseline -0.007 -17"><span class='ocrx_word' id='word_1_120' title='bbox 219 1969 340 2029; x_wconf 90' lang='lat' dir='ltr'>matom</span> <span class='ocrx_word' id='word_1_121' title='bbox 369 1963 525 2030; x_wconf 73' lang='lat' dir='ltr'>Chalinus</span> <span class='ocrx_word' id='word_1_122' title='bbox 561 1965 681 2028; x_wconf 87' lang='lat' dir='ltr'>dicere:</span> <span class='ocrx_word' id='word_1_123' title='bbox 714 1961 816 2045; x_wconf 91' lang='lat' dir='ltr'>quode</span> <span class='ocrx_word' id='word_1_124' title='bbox 844 1960 915 2024; x_wconf 89' lang='lat' dir='ltr'>vide</span> <span class='ocrx_word' id='word_1_125' title='bbox 948 1959 1083 2023; x_wconf 86' lang='lat' dir='ltr'>Beckeri</span> <span class='ocrx_word' id='word_1_126' title='bbox 1111 1956 1358 2041; x_wconf 86' lang='lat' dir='ltr'>disputationem</span> 
     </span>
     <span class='ocr_line' id='line_1_16' title="bbox 220 2067 1359 2160; baseline -0.01 -20"><span class='ocrx_word' id='word_1_127' title='bbox 220 2077 304 2140; x_wconf 82' lang='lat' dir='ltr'>Galli</span> <span class='ocrx_word' id='word_1_128' title='bbox 326 2079 351 2139; x_wconf 95' lang='lat' dir='ltr'>t.</span> <span class='ocrx_word' id='word_1_129' title='bbox 369 2075 399 2139; x_wconf 93' lang='lat' dir='ltr'>ll</span> <span class='ocrx_word' id='word_1_130' title='bbox 424 2098 455 2159; x_wconf 92' lang='lat' dir='ltr'>p.</span> <span class='ocrx_word' id='word_1_131' title='bbox 472 2076 530 2138; x_wconf 78' lang='lat'>291</span> <span class='ocrx_word' id='word_1_132' title='bbox 557 2095 625 2158; x_wconf 86' lang='lat' dir='ltr'><strong>sqq.</strong></span> <span class='ocrx_word' id='word_1_133' title='bbox 651 2071 710 2160; x_wconf 80' lang='grc' dir='ltr'>[ΙΙΙ</span> <span class='ocrx_word' id='word_1_134' title='bbox 734 2095 765 2156; x_wconf 90' lang='lat' dir='ltr'>p.</span> <span class='ocrx_word' id='word_1_135' title='bbox 782 2072 844 2136; x_wconf 73' lang='lat'>368</span> <span class='ocrx_word' id='word_1_136' title='bbox 861 2093 928 2154; x_wconf 89' lang='lat' dir='ltr'>sqq.</span> <span class='ocrx_word' id='word_1_137' title='bbox 946 2070 994 2133; x_wconf 90' lang='lat' dir='ltr'>cd.</span> <span class='ocrx_word' id='word_1_138' title='bbox 1012 2068 1098 2156; x_wconf 60' lang='lat' dir='ltr'>terti]</span> <span class='ocrx_word' id='word_1_139' title='bbox 1124 2067 1194 2132; x_wconf 84' lang='lat' dir='ltr'>coll.</span> <span class='ocrx_word' id='word_1_140' title='bbox 1219 2068 1359 2132; x_wconf 87' lang='lat' dir='ltr'>eiusdem</span> 
     </span>
     <span class='ocr_line' id='line_1_17' title="bbox 204 2177 1358 2268; baseline -0.01 -16"><span class='ocrx_word' id='word_1_141' title='bbox 204 2187 366 2251; x_wconf 64' lang='lat' dir='ltr'>‘tibaricle</span> <span class='ocrx_word' id='word_1_142' title='bbox 399 2188 423 2248; x_wconf 87' lang='lat' dir='ltr'>t.</span> <span class='ocrx_word' id='word_1_143' title='bbox 446 2185 477 2248; x_wconf 94' lang='lat' dir='ltr'>ll</span> <span class='ocrx_word' id='word_1_144' title='bbox 502 2208 533 2268; x_wconf 87' lang='lat' dir='ltr'>p.</span> <span class='ocrx_word' id='word_1_145' title='bbox 561 2185 615 2248; x_wconf 82' lang='lat'>181</span> <span class='ocrx_word' id='word_1_146' title='bbox 642 2206 710 2267; x_wconf 85' lang='lat' dir='ltr'>sqq.</span> <span class='ocrx_word' id='word_1_147' title='bbox 746 2179 806 2268; x_wconf 78' lang='grc' dir='ltr'>[ΙΙΙ</span> <span class='ocrx_word' id='word_1_148' title='bbox 835 2205 866 2266; x_wconf 93' lang='lat' dir='ltr'>p.</span> <span class='ocrx_word' id='word_1_149' title='bbox 892 2183 930 2246; x_wconf 72' lang='lat'>97</span> <span class='ocrx_word' id='word_1_150' title='bbox 954 2203 1022 2265; x_wconf 90' lang='lat' dir='ltr'>sqq.</span> <span class='ocrx_word' id='word_1_151' title='bbox 1059 2181 1107 2244; x_wconf 92' lang='lat' dir='ltr'>cd.</span> <span class='ocrx_word' id='word_1_152' title='bbox 1138 2177 1220 2266; x_wconf 61' lang='lat' dir='ltr'>alti.</span> <span class='ocrx_word' id='word_1_153' title='bbox 1270 2178 1358 2241; x_wconf 90' lang='lat' dir='ltr'>Idem</span> 
     </span>
     <span class='ocr_line' id='line_1_18' title="bbox 218 2289 1357 2372; baseline -0.007 -12"><span class='ocrx_word' id='word_1_154' title='bbox 218 2301 324 2360; x_wconf 84' lang='lat' dir='ltr'>autem</span> <span class='ocrx_word' id='word_1_155' title='bbox 348 2296 401 2360; x_wconf 92' lang='lat' dir='ltr'>ille</span> <span class='ocrx_word' id='word_1_156' title='bbox 425 2295 550 2360; x_wconf 75' lang='lat' dir='ltr'>Stalino</span> <span class='ocrx_word' id='word_1_157' title='bbox 573 2317 643 2358; x_wconf 82' lang='lat' dir='ltr'>cunr</span> <span class='ocrx_word' id='word_1_158' title='bbox 666 2295 700 2357; x_wconf 93' lang='lat' dir='ltr'>in</span> <span class='ocrx_word' id='word_1_159' title='bbox 723 2293 934 2358; x_wconf 76' lang='lat' dir='ltr'>Cleostratam</span> <span class='ocrx_word' id='word_1_160' title='bbox 956 2291 1035 2355; x_wconf 90' lang='lat' dir='ltr'>haec</span> <span class='ocrx_word' id='word_1_161' title='bbox 1058 2291 1136 2354; x_wconf 88' lang='lat' dir='ltr'>dicit</span> <span class='ocrx_word' id='word_1_162' title='bbox 1166 2289 1213 2372; x_wconf 90' lang='lat' dir='ltr'>ll,</span> <span class='ocrx_word' id='word_1_163' title='bbox 1238 2291 1276 2372; x_wconf 79' lang='lat'>5,</span> <span class='ocrx_word' id='word_1_164' title='bbox 1294 2289 1357 2353; x_wconf 52' lang='lat'>&#39;182</span> 
     </span>
     <span class='ocr_line' id='line_1_19' title="bbox 217 2399 1359 2487; baseline -0.007 -17"><span class='ocrx_word' id='word_1_165' title='bbox 217 2414 323 2487; x_wconf 82' lang='lat' dir='ltr'>edepol</span> <span class='ocrx_word' id='word_1_166' title='bbox 349 2429 386 2472; x_wconf 85' lang='lat' dir='ltr'>ne</span> <span class='ocrx_word' id='word_1_167' title='bbox 413 2428 468 2484; x_wconf 70' lang='lat' dir='ltr'>epo</span> <span class='ocrx_word' id='word_1_168' title='bbox 495 2413 578 2470; x_wconf 81' lang='lat' dir='ltr'>illam</span> <span class='ocrx_word' id='word_1_169' title='bbox 607 2411 734 2468; x_wconf 83' lang='lat' dir='ltr'>mediam</span> <span class='ocrx_word' id='word_1_170' title='bbox 764 2409 919 2484; x_wconf 78' lang='lat' dir='ltr'>diruptam</span> <span class='ocrx_word' id='word_1_171' title='bbox 943 2409 1045 2481; x_wconf 68' lang='lat' dir='ltr'>veltro,</span> <span class='ocrx_word' id='word_1_172' title='bbox 1081 2423 1121 2466; x_wconf 92' lang='lat' dir='ltr'>ne</span> <span class='ocrx_word' id='word_1_173' title='bbox 1149 2401 1202 2464; x_wconf 88' lang='lat' dir='ltr'>hic</span> <span class='ocrx_word' id='word_1_174' title='bbox 1231 2399 1359 2483; x_wconf 87' lang='lat' dir='ltr'>quidem</span> 
     </span>
     <span class='ocr_line' id='line_1_20' title="bbox 218 2511 1358 2602; baseline -0.006 -22"><span class='ocrx_word' id='word_1_175' title='bbox 218 2519 388 2602; x_wconf 90' lang='lat' dir='ltr'>quicquam</span> <span class='ocrx_word' id='word_1_176' title='bbox 412 2519 544 2602; x_wconf 87' lang='lat' dir='ltr'>exoptat</span> <span class='ocrx_word' id='word_1_177' title='bbox 570 2519 696 2600; x_wconf 87' lang='lat' dir='ltr'>praetor</span> <span class='ocrx_word' id='word_1_178' title='bbox 719 2513 818 2579; x_wconf 87' lang='lat' dir='ltr'>solam</span> <span class='ocrx_word' id='word_1_179' title='bbox 840 2517 992 2596; x_wconf 90' lang='lat' dir='ltr'>mortem,</span> <span class='ocrx_word' id='word_1_180' title='bbox 1023 2511 1231 2576; x_wconf 81' lang='lat' dir='ltr'>atrocioribus</span> <span class='ocrx_word' id='word_1_181' title='bbox 1256 2511 1358 2575; x_wconf 86' lang='lat' dir='ltr'>verbis</span> 
     </span>
     <span class='ocr_line' id='line_1_21' title="bbox 218 2625 1358 2712; baseline -0.004 -22"><span class='ocrx_word' id='word_1_182' title='bbox 218 2651 292 2692; x_wconf 88' lang='lat' dir='ltr'>usus</span> <span class='ocrx_word' id='word_1_183' title='bbox 325 2631 456 2712; x_wconf 89' lang='lat' dir='ltr'>propter</span> <span class='ocrx_word' id='word_1_184' title='bbox 490 2648 711 2710; x_wconf 81' lang='lat' dir='ltr'>praegressum</span> <span class='ocrx_word' id='word_1_185' title='bbox 745 2625 946 2708; x_wconf 84' lang='lat' dir='ltr'>Olympionis</span> <span class='ocrx_word' id='word_1_186' title='bbox 980 2645 1172 2686; x_wconf 88' lang='lat' dir='ltr'>sermonem:</span> <span class='ocrx_word' id='word_1_187' title='bbox 1209 2644 1291 2687; x_wconf 77' lang='lat' dir='ltr'>reone</span> <span class='ocrx_word' id='word_1_188' title='bbox 1327 2629 1358 2686; x_wconf 77' lang='lat' dir='ltr'>r&#39;o</span> 
     </span>
     <span class='ocr_line' id='line_1_22' title="bbox 214 2731 1360 2819; baseline -0.008 -16"><span class='ocrx_word' id='word_1_189' title='bbox 214 2743 367 2815; x_wconf 72' lang='lat' dir='ltr'>[corneam</span> <span class='ocrx_word' id='word_1_190' title='bbox 395 2749 499 2814; x_wconf 68' lang='lat' dir='ltr'>inlust,</span> <span class='ocrx_word' id='word_1_191' title='bbox 534 2745 577 2802; x_wconf 78' lang='lat' dir='ltr'>ito</span> <span class='ocrx_word' id='word_1_192' title='bbox 605 2746 706 2816; x_wconf 73' lang='lat' dir='ltr'>turpet</span> <span class='ocrx_word' id='word_1_193' title='bbox 733 2741 813 2800; x_wconf 76' lang='lat' dir='ltr'>milri.</span> <span class='ocrx_word' id='word_1_194' title='bbox 859 2734 929 2800; x_wconf 89' lang='lat' dir='ltr'>Nisi</span> <span class='ocrx_word' id='word_1_195' title='bbox 958 2736 1102 2819; x_wconf 87' lang='lat' dir='ltr'>praestat</span> <span class='ocrx_word' id='word_1_196' title='bbox 1128 2733 1227 2797; x_wconf 88' lang='lat' dir='ltr'>iocari</span> <span class='ocrx_word' id='word_1_197' title='bbox 1256 2731 1360 2816; x_wconf 83' lang='lat' dir='ltr'>magis</span> 
     </span>
     <span class='ocr_line' id='line_1_23' title="bbox 221 2847 783 2932; baseline -0.005 -20"><span class='ocrx_word' id='word_1_198' title='bbox 221 2872 291 2914; x_wconf 90' lang='lat' dir='ltr'>eum</span> <span class='ocrx_word' id='word_1_199' title='bbox 316 2850 443 2913; x_wconf 89' lang='lat' dir='ltr'>credere</span> <span class='ocrx_word' id='word_1_200' title='bbox 465 2869 560 2932; x_wconf 88' lang='lat' dir='ltr'>quam</span> <span class='ocrx_word' id='word_1_201' title='bbox 582 2847 664 2910; x_wconf 91' lang='lat' dir='ltr'>serio</span> <span class='ocrx_word' id='word_1_202' title='bbox 686 2847 783 2931; x_wconf 86' lang='lat' dir='ltr'>loqui.</span> 
     </span>
     <span class='ocr_line' id='line_1_24' title="bbox 303 2956 1360 3044; baseline -0.003 -22"><span class='ocrx_word' id='word_1_203' title='bbox 303 2959 350 3024; x_wconf 75' lang='lat' dir='ltr'>llo</span> <span class='ocrx_word' id='word_1_204' title='bbox 373 2959 575 3044; x_wconf 85' lang='lat' dir='ltr'>pervenimus</span> <span class='ocrx_word' id='word_1_205' title='bbox 590 2957 810 3021; x_wconf 84' lang='lat' dir='ltr'>ratiocinando</span> <span class='ocrx_word' id='word_1_206' title='bbox 833 2960 878 3038; x_wconf 89' lang='lat' dir='ltr'>ut,</span> <span class='ocrx_word' id='word_1_207' title='bbox 904 2979 975 3020; x_wconf 89' lang='lat' dir='ltr'>cum</span> <span class='ocrx_word' id='word_1_208' title='bbox 990 2956 1112 3020; x_wconf 88' lang='lat' dir='ltr'>nullam</span> <span class='ocrx_word' id='word_1_209' title='bbox 1128 2977 1196 3018; x_wconf 87' lang='lat' dir='ltr'>esse</span> <span class='ocrx_word' id='word_1_210' title='bbox 1213 2956 1360 3020; x_wconf 88' lang='lat' dir='ltr'>idoneam</span> 
     </span>
     <span class='ocr_line' id='line_1_25' title="bbox 219 3065 1360 3154; baseline -0.001 -21"><span class='ocrx_word' id='word_1_211' title='bbox 219 3071 375 3134; x_wconf 89' lang='lat' dir='ltr'>rationem</span> <span class='ocrx_word' id='word_1_212' title='bbox 397 3069 658 3150; x_wconf 85' lang='lat' dir='ltr'>intellexerimus,</span> <span class='ocrx_word' id='word_1_213' title='bbox 683 3091 744 3154; x_wconf 88' lang='lat' dir='ltr'>qua</span> <span class='ocrx_word' id='word_1_214' title='bbox 766 3069 877 3152; x_wconf 86' lang='lat' dir='ltr'>portae</span> <span class='ocrx_word' id='word_1_215' title='bbox 900 3067 1017 3130; x_wconf 86' lang='lat' dir='ltr'>Metiae</span> <span class='ocrx_word' id='word_1_216' title='bbox 1045 3068 1079 3130; x_wconf 89' lang='lat' dir='ltr'>in</span> <span class='ocrx_word' id='word_1_217' title='bbox 1101 3065 1218 3132; x_wconf 78' lang='lat' dir='ltr'>Casina</span> <span class='ocrx_word' id='word_1_218' title='bbox 1240 3067 1360 3132; x_wconf 85' lang='lat' dir='ltr'>mentio</span> 
     </span>
     <span class='ocr_line' id='line_1_26' title="bbox 219 3177 1361 3265; baseline -0.003 -21"><span class='ocrx_word' id='word_1_219' title='bbox 219 3181 421 3265; x_wconf 79' lang='lat' dir='ltr'>expediatur,</span> <span class='ocrx_word' id='word_1_220' title='bbox 451 3181 490 3244; x_wconf 93' lang='lat' dir='ltr'>de</span> <span class='ocrx_word' id='word_1_221' title='bbox 519 3203 555 3243; x_wconf 88' lang='lat' dir='ltr'>ea</span> <span class='ocrx_word' id='word_1_222' title='bbox 583 3181 714 3243; x_wconf 90' lang='lat' dir='ltr'>omnino</span> <span class='ocrx_word' id='word_1_223' title='bbox 740 3178 887 3260; x_wconf 79' lang='lat' dir='ltr'>dubitare</span> <span class='ocrx_word' id='word_1_224' title='bbox 913 3177 1114 3262; x_wconf 87' lang='lat' dir='ltr'>incipiamus.</span> <span class='ocrx_word' id='word_1_225' title='bbox 1159 3178 1203 3241; x_wconf 77' lang='lat' dir='ltr'>nt</span> <span class='ocrx_word' id='word_1_226' title='bbox 1224 3178 1361 3262; x_wconf 91' lang='lat' dir='ltr'>praeivit</span> 
     </span>
     <span class='ocr_line' id='line_1_27' title="bbox 220 3287 1358 3374; baseline -0.002 -20"><span class='ocrx_word' id='word_1_227' title='bbox 220 3315 290 3356; x_wconf 90' lang='lat' dir='ltr'>eam</span> <span class='ocrx_word' id='word_1_228' title='bbox 312 3290 544 3355; x_wconf 89' lang='lat' dir='ltr'>dubitationem</span> <span class='ocrx_word' id='word_1_229' title='bbox 567 3289 705 3374; x_wconf 85' lang='lat' dir='ltr'>diligens</span> <span class='ocrx_word' id='word_1_230' title='bbox 728 3289 865 3373; x_wconf 92' lang='lat' dir='ltr'>scriptor</span> <span class='ocrx_word' id='word_1_231' title='bbox 880 3287 1030 3353; x_wconf 79' lang='lat' dir='ltr'>Saobsius</span> <span class='ocrx_word' id='word_1_232' title='bbox 1051 3289 1085 3352; x_wconf 90' lang='lat' dir='ltr'>in</span> <span class='ocrx_word' id='word_1_233' title='bbox 1102 3287 1187 3352; x_wconf 88' lang='lat' dir='ltr'>llist.</span> <span class='ocrx_word' id='word_1_234' title='bbox 1205 3292 1237 3352; x_wconf 89' lang='lat' dir='ltr'>et</span> <span class='ocrx_word' id='word_1_235' title='bbox 1258 3289 1358 3352; x_wconf 91' lang='lat' dir='ltr'>deser.</span> 
     </span>
     <span class='ocr_line' id='line_1_28' title="bbox 220 3399 1360 3484; baseline -0.002 -18"><span class='ocrx_word' id='word_1_236' title='bbox 220 3404 307 3466; x_wconf 86' lang='lat' dir='ltr'>urbis</span> <span class='ocrx_word' id='word_1_237' title='bbox 328 3401 449 3465; x_wconf 87' lang='lat' dir='ltr'>Romae</span> <span class='ocrx_word' id='word_1_238' title='bbox 480 3401 494 3465; x_wconf 90' lang='lat' dir='ltr'>l</span> <span class='ocrx_word' id='word_1_239' title='bbox 527 3424 557 3484; x_wconf 90' lang='lat' dir='ltr'>p.</span> <span class='ocrx_word' id='word_1_240' title='bbox 579 3401 637 3464; x_wconf 76' lang='lat'>194</span> <span class='ocrx_word' id='word_1_241' title='bbox 658 3423 705 3484; x_wconf 89' lang='lat' dir='ltr'>sq.</span> <span class='ocrx_word' id='word_1_242' title='bbox 732 3401 803 3464; x_wconf 76' lang='lat'>221.</span> <span class='ocrx_word' id='word_1_243' title='bbox 838 3399 899 3476; x_wconf 83' lang='lat' dir='ltr'>Qui</span> <span class='ocrx_word' id='word_1_244' title='bbox 923 3419 993 3464; x_wconf 90' lang='lat' dir='ltr'>cum</span> <span class='ocrx_word' id='word_1_245' title='bbox 1016 3399 1054 3463; x_wconf 91' lang='lat' dir='ltr'>de</span> <span class='ocrx_word' id='word_1_246' title='bbox 1076 3399 1214 3464; x_wconf 88' lang='lat' dir='ltr'>nominis</span> <span class='ocrx_word' id='word_1_247' title='bbox 1236 3401 1360 3465; x_wconf 85' lang='lat' dir='ltr'>ratione</span> 
     </span>
     <span class='ocr_line' id='line_1_29' title="bbox 220 3510 1361 3598; baseline -0.002 -22"><span class='ocrx_word' id='word_1_248' title='bbox 220 3513 319 3598; x_wconf 91' lang='lat' dir='ltr'>deque</span> <span class='ocrx_word' id='word_1_249' title='bbox 347 3513 411 3576; x_wconf 89' lang='lat' dir='ltr'>situ</span> <span class='ocrx_word' id='word_1_250' title='bbox 439 3513 546 3575; x_wconf 90' lang='lat' dir='ltr'>omnia</span> <span class='ocrx_word' id='word_1_251' title='bbox 574 3533 642 3575; x_wconf 87' lang='lat' dir='ltr'>esse</span> <span class='ocrx_word' id='word_1_252' title='bbox 669 3510 807 3594; x_wconf 89' lang='lat' dir='ltr'>incerta,</span> <span class='ocrx_word' id='word_1_253' title='bbox 837 3511 933 3575; x_wconf 88' lang='lat' dir='ltr'>immo</span> <span class='ocrx_word' id='word_1_254' title='bbox 962 3511 1176 3576; x_wconf 87' lang='lat' dir='ltr'>incertissima</span> <span class='ocrx_word' id='word_1_255' title='bbox 1203 3511 1271 3576; x_wconf 88' lang='lat' dir='ltr'>iure</span> <span class='ocrx_word' id='word_1_256' title='bbox 1305 3535 1361 3576; x_wconf 89' lang='lat' dir='ltr'>suo</span> 
     </span>
     <span class='ocr_line' id='line_1_30' title="bbox 220 3622 1359 3708; baseline 0.001 -23"><span class='ocrx_word' id='word_1_257' title='bbox 220 3624 345 3707; x_wconf 87' lang='lat' dir='ltr'>dixerit,</span> <span class='ocrx_word' id='word_1_258' title='bbox 368 3645 434 3688; x_wconf 90' lang='lat' dir='ltr'>non</span> <span class='ocrx_word' id='word_1_259' title='bbox 457 3622 594 3686; x_wconf 86' lang='lat' dir='ltr'>debebat</span> <span class='ocrx_word' id='word_1_260' title='bbox 614 3626 723 3686; x_wconf 90' lang='lat' dir='ltr'>tamen</span> <span class='ocrx_word' id='word_1_261' title='bbox 745 3622 810 3686; x_wconf 94' lang='lat' dir='ltr'>ullo</span> <span class='ocrx_word' id='word_1_262' title='bbox 832 3623 924 3687; x_wconf 88' lang='lat' dir='ltr'>modo</span> <span class='ocrx_word' id='word_1_263' title='bbox 946 3623 984 3687; x_wconf 91' lang='lat' dir='ltr'>de</span> <span class='ocrx_word' id='word_1_264' title='bbox 1010 3645 1125 3707; x_wconf 87' lang='lat' dir='ltr'>graeco</span> <span class='ocrx_word' id='word_1_265' title='bbox 1148 3623 1292 3708; x_wconf 88' lang='lat' dir='ltr'>exemplo</span> <span class='ocrx_word' id='word_1_266' title='bbox 1313 3623 1359 3687; x_wconf 87' lang='lat' dir='ltr'>fa-</span> 
     </span>
     <span class='ocr_line' id='line_1_31' title="bbox 193 3723 1359 3819; baseline 0.001 -23"><span class='ocrx_word' id='word_1_267' title='bbox 193 3723 197 3732; x_wconf 62' lang='grc'><em>’</em></span> <span class='ocrx_word' id='word_1_268' title='bbox 221 3734 313 3798; x_wconf 90' lang='lat' dir='ltr'>buloe</span> <span class='ocrx_word' id='word_1_269' title='bbox 335 3733 505 3798; x_wconf 87' lang='lat' dir='ltr'>Plautinae</span> <span class='ocrx_word' id='word_1_270' title='bbox 529 3732 686 3817; x_wconf 81' lang='lat' dir='ltr'>cogitare,</span> <span class='ocrx_word' id='word_1_271' title='bbox 711 3733 793 3818; x_wconf 88' lang='lat' dir='ltr'>quod</span> <span class='ocrx_word' id='word_1_272' title='bbox 816 3733 913 3797; x_wconf 89' lang='lat' dir='ltr'>etiarn</span> <span class='ocrx_word' id='word_1_273' title='bbox 935 3735 970 3798; x_wconf 92' lang='lat' dir='ltr'>in</span> <span class='ocrx_word' id='word_1_274' title='bbox 992 3755 1028 3798; x_wconf 89' lang='lat' dir='ltr'>eo</span> <span class='ocrx_word' id='word_1_275' title='bbox 1050 3733 1170 3798; x_wconf 89' lang='lat' dir='ltr'>latinus</span> <span class='ocrx_word' id='word_1_276' title='bbox 1192 3737 1287 3819; x_wconf 85' lang='lat' dir='ltr'>poeta</span> <span class='ocrx_word' id='word_1_277' title='bbox 1308 3757 1359 3798; x_wconf 87' lang='lat' dir='ltr'>ex-</span> 
     </span>
     <span class='ocr_line' id='line_1_32' title="bbox 220 3844 1358 3931; baseline 0.003 -24"><span class='ocrx_word' id='word_1_278' title='bbox 220 3847 397 3928; x_wconf 84' lang='lat' dir='ltr'>pressisset,</span> <span class='ocrx_word' id='word_1_279' title='bbox 421 3847 457 3908; x_wconf 92' lang='lat' dir='ltr'>ut</span> <span class='ocrx_word' id='word_1_280' title='bbox 482 3865 597 3928; x_wconf 84' lang='lat' dir='ltr'>graeco</span> <span class='ocrx_word' id='word_1_281' title='bbox 620 3845 749 3909; x_wconf 90' lang='lat' dir='ltr'>nomine</span> <span class='ocrx_word' id='word_1_282' title='bbox 770 3866 903 3930; x_wconf 82' lang='lat' dir='ltr'>graecae</span> <span class='ocrx_word' id='word_1_283' title='bbox 919 3845 1006 3908; x_wconf 90' lang='lat' dir='ltr'>urbis</span> <span class='ocrx_word' id='word_1_284' title='bbox 1024 3844 1358 3931; x_wconf 64' lang='lat' dir='ltr'>portamappellaret.</span> 
     </span>
     <span class='ocr_line' id='line_1_33' title="bbox 220 3954 1428 4043; baseline 0.003 -25"><span class='ocrx_word' id='word_1_285' title='bbox 220 3956 303 4019; x_wconf 83' lang='lat' dir='ltr'>Nam</span> <span class='ocrx_word' id='word_1_286' title='bbox 326 3955 424 4019; x_wconf 90' lang='lat' dir='ltr'>habet</span> <span class='ocrx_word' id='word_1_287' title='bbox 445 3954 588 4039; x_wconf 85' lang='lat' dir='ltr'>profecto</span> <span class='ocrx_word' id='word_1_288' title='bbox 604 3955 796 4020; x_wconf 76' lang='lat' dir='ltr'>Graecorum</span> <span class='ocrx_word' id='word_1_289' title='bbox 819 3956 875 4020; x_wconf 86' lang='lat' dir='ltr'>illa</span> <span class='ocrx_word' id='word_1_290' title='bbox 889 3956 1026 4021; x_wconf 88' lang='lat' dir='ltr'>imitatio</span> <span class='ocrx_word' id='word_1_291' title='bbox 1048 3979 1120 4022; x_wconf 87' lang='lat' dir='ltr'>suos</span> <span class='ocrx_word' id='word_1_292' title='bbox 1143 3958 1222 4022; x_wconf 89' lang='lat' dir='ltr'>fines</span> <span class='ocrx_word' id='word_1_293' title='bbox 1245 3977 1359 4043; x_wconf 89' lang='lat' dir='ltr'>eosque</span> <span class='ocrx_word' id='word_1_294' title='bbox 1381 3971 1428 4022; x_wconf 75' lang='lat' dir='ltr'>bu</span> 
     </span>
    </p>

    <p class='ocr_par' dir='ltr' id='par_1_3' title="bbox 220 4065 1360 4487">
     <span class='ocr_line' id='line_1_34' title="bbox 220 4065 1359 4152; baseline 0.004 -22"><span class='ocrx_word' id='word_1_295' title='bbox 220 4070 270 4130; x_wconf 86' lang='lat' dir='ltr'>sot</span> <span class='ocrx_word' id='word_1_296' title='bbox 293 4071 410 4150; x_wconf 83' lang='lat' dir='ltr'>certos3</span> <span class='ocrx_word' id='word_1_297' title='bbox 433 4089 472 4131; x_wconf 89' lang='lat' dir='ltr'>ac</span> <span class='ocrx_word' id='word_1_298' title='bbox 494 4065 664 4150; x_wconf 85' lang='lat' dir='ltr'>pervellem</span> <span class='ocrx_word' id='word_1_299' title='bbox 687 4067 860 4131; x_wconf 86' lang='lat' dir='ltr'>indicasset</span> <span class='ocrx_word' id='word_1_300' title='bbox 874 4068 927 4131; x_wconf 91' lang='lat' dir='ltr'>ille</span> <span class='ocrx_word' id='word_1_301' title='bbox 950 4089 1020 4132; x_wconf 89' lang='lat' dir='ltr'>eam</span> <span class='ocrx_word' id='word_1_302' title='bbox 1042 4071 1168 4152; x_wconf 86' lang='lat' dir='ltr'>portam</span> <span class='ocrx_word' id='word_1_303' title='bbox 1190 4067 1359 4134; x_wconf 88' lang='lat' dir='ltr'>Athena-</span> 
     </span>
     <span class='ocr_line' id='line_1_35' title="bbox 220 4177 1360 4266; baseline 0.004 -26"><span class='ocrx_word' id='word_1_304' title='bbox 220 4200 310 4262; x_wconf 89' lang='lat' dir='ltr'>rum,</span> <span class='ocrx_word' id='word_1_305' title='bbox 336 4179 424 4242; x_wconf 87' lang='lat' dir='ltr'>cuius</span> <span class='ocrx_word' id='word_1_306' title='bbox 440 4199 557 4242; x_wconf 88' lang='lat' dir='ltr'>nomen</span> <span class='ocrx_word' id='word_1_307' title='bbox 580 4201 599 4241; x_wconf 89' lang='lat' dir='ltr'>a</span> <span class='ocrx_word' id='word_1_308' title='bbox 620 4177 735 4243; x_wconf 88' lang='lat' dir='ltr'>Plauto</span> <span class='ocrx_word' id='word_1_309' title='bbox 761 4181 920 4243; x_wconf 85' lang='lat' dir='ltr'>servatum</span> <span class='ocrx_word' id='word_1_310' title='bbox 946 4183 1097 4266; x_wconf 82' lang='lat' dir='ltr'>nugatur.</span> <span class='ocrx_word' id='word_1_311' title='bbox 1127 4178 1261 4244; x_wconf 89' lang='lat' dir='ltr'>Prorsus</span> <span class='ocrx_word' id='word_1_312' title='bbox 1283 4181 1360 4244; x_wconf 90' lang='lat' dir='ltr'>omi-</span> 
     </span>
     <span class='ocr_line' id='line_1_36' title="bbox 220 4289 1359 4376; baseline 0.004 -25"><span class='ocrx_word' id='word_1_313' title='bbox 220 4291 332 4352; x_wconf 85' lang='lat' dir='ltr'>serunt</span> <span class='ocrx_word' id='word_1_314' title='bbox 358 4289 489 4354; x_wconf 87' lang='lat' dir='ltr'>Metiam</span> <span class='ocrx_word' id='word_1_315' title='bbox 520 4293 661 4375; x_wconf 79' lang='lat' dir='ltr'>portam,</span> <span class='ocrx_word' id='word_1_316' title='bbox 697 4290 751 4376; x_wconf 89' lang='lat' dir='ltr'>qui</span> <span class='ocrx_word' id='word_1_317' title='bbox 785 4295 858 4376; x_wconf 79' lang='lat' dir='ltr'>post</span> <span class='ocrx_word' id='word_1_318' title='bbox 891 4290 1057 4358; x_wconf 85' lang='lat' dir='ltr'>Sacbsium</span> <span class='ocrx_word' id='word_1_319' title='bbox 1090 4292 1241 4376; x_wconf 87' lang='lat' dir='ltr'>antiquae</span> <span class='ocrx_word' id='word_1_320' title='bbox 1263 4291 1359 4356; x_wconf 88' lang='lat' dir='ltr'>Vrbis</span> 
     </span>
     <span class='ocr_line' id='line_1_37' title="bbox 220 4400 1360 4487; baseline 0.005 -25"><span class='ocrx_word' id='word_1_321' title='bbox 220 4400 393 4484; x_wconf 81' lang='lat' dir='ltr'>imaginem</span> <span class='ocrx_word' id='word_1_322' title='bbox 409 4401 504 4484; x_wconf 89' lang='lat' dir='ltr'>pictis</span> <span class='ocrx_word' id='word_1_323' title='bbox 519 4401 636 4465; x_wconf 87' lang='lat' dir='ltr'>tabulis</span> <span class='ocrx_word' id='word_1_324' title='bbox 652 4405 941 4487; x_wconf 86' lang='lat' dir='ltr'>repraesentamnt,</span> <span class='ocrx_word' id='word_1_325' title='bbox 967 4427 1037 4468; x_wconf 89' lang='lat' dir='ltr'>oum</span> <span class='ocrx_word' id='word_1_326' title='bbox 1050 4404 1105 4468; x_wconf 87' lang='lat' dir='ltr'>alii</span> <span class='ocrx_word' id='word_1_327' title='bbox 1124 4406 1192 4468; x_wconf 91' lang='lat' dir='ltr'>tum</span> <span class='ocrx_word' id='word_1_328' title='bbox 1214 4406 1250 4468; x_wconf 91' lang='lat' dir='ltr'>ut</span> <span class='ocrx_word' id='word_1_329' title='bbox 1266 4403 1360 4468; x_wconf 87' lang='lat' dir='ltr'>audio</span> 
     </span>
    </p>
   </div>
   <div class='ocr_carea' id='block_1_3' title="bbox 0 0 1662 5102">
    <p class='ocr_par' dir='ltr' id='par_1_4' title="bbox 0 0 1662 5102">
     <span class='ocr_line' id='line_1_38' title="bbox 0 0 1662 5102; baseline 0 0"><span class='ocrx_word' id='word_1_330' title='bbox 0 0 1662 5102; x_wconf 95' lang='lat' dir='ltr'> </span> 
     </span>
    </p>
   </div>
  </div>
 </body>
</html>
