3300 5102
637 377 771 424 mnrns
795 374 972 424 eucarosr.
1311 355 1378 419 415

233 531 418 616 argumenti
440 531 642 595 subtilitatem
664 533 808 613 repetere
831 527 942 612 altius,
972 529 1067 611 atque
1089 548 1216 590 onmem
1237 525 1377 608 disputa-

233 642 355 706 tionem
377 642 411 706 in
435 663 471 706 eo
492 641 528 706 in
551 663 612 726 quo
635 661 799 705 versamur
820 660 938 725 genere
962 637 1120 702 contineo.
1165 636 1277 721 ltaque
1299 634 1378 698 illud

235 775 331 837 quam
354 753 396 817 sit
418 775 491 817 vere
513 752 663 816 miserum
686 754 922 836 argumentum,
952 749 1150 833 apertissime
1172 769 1210 812 ea
1232 745 1378 830 exempla

232 865 416 928 monstrant
437 884 529 947 quae,
552 863 614 926 nisi
637 862 821 947 posthabita
843 860 997 934 librorum
1019 859 1080 924 fide
1098 881 1190 924 voces
1212 858 1302 923 iuxta
1324 879 1378 943 po-

235 975 313 1038 sitas
341 973 592 1058 transposueris,
624 976 680 1036 aut
706 971 810 1037 nullos
843 970 974 1036 omnino
1004 992 1111 1034 versus
1144 969 1302 1055 praebent
1328 968 1379 1034 vel

232 1083 328 1168 plane
350 1083 506 1167 horridae,
530 1087 567 1148 ut
588 1106 657 1169 arg.
682 1083 753 1148 Cas.
777 1083 807 1147 3.
830 1081 925 1166 Epid.
950 1082 979 1145 8.
1003 1081 1091 1146 Pers.
1115 1082 1145 1146 4.
1169 1079 1252 1144 llud.
1276 1081 1313 1144 4:

424 1261 488 1304 sors
510 1263 611 1303 senem
634 1242 766 1314 adiuvat,
789 1259 893 1300 verum
916 1241 1066 1315 decipitur
1088 1240 1180 1299 dolis:

425 1329 476 1388 sed
499 1329 622 1388 inventa
644 1331 737 1404 gnata
759 1327 909 1385 servolum
931 1326 1044 1384 emittit
1069 1345 1174 1384 manu:

426 1413 591 1472 subornata
613 1413 719 1472 suadet
741 1412 787 1471 sui
810 1410 934 1487 parasiti
960 1405 1093 1490 filialm]:

424 1516 459 1556 ea
480 1499 513 1557 in
535 1498 705 1558 clientelam
727 1498 827 1572 suiptc
849 1495 1013 1572 inprudens
1040 1495 1150 1570 patris:

238 1631 294 1692 aut
314 1629 396 1692 tales
418 1627 536 1710 hiatus,
561 1650 638 1714 quos
660 1631 787 1712 praeter
801 1626 957 1691 Vltimum
979 1629 1012 1691 et
1026 1625 1264 1690 Paenultimum
1285 1645 1378 1692 nemo

235 1739 382 1804 ferendos
405 1739 568 1825 dixerit*),
592 1743 628 1803 ut
650 1737 771 1823 Amph.
793 1738 823 1802 2.
848 1737 920 1802 Cas.
946 1738 974 1802 1.
997 1736 1083 1802 Men.
1108 1737 1143 1802 8:

427 1881 558 1940 mutavit
580 1901 643 1940 sese
665 1881 697 1940 in
720 1880 846 1938 sormam
869 1879 932 1939 cius
955 1875 1105 1956 odniugis':

426 1971 598 2026 conservam
621 1985 743 2025 uxorem
766 1965 824 2024 duo
848 1965 982 2024 conservi
1005 1959 1215 2040 expetunt:**)

427 2053 653 2111 Menaechmum
676 2070 778 2110 omnes
801 2055 895 2110 civem
917 2051 1043 2108 credunt
1065 2051 1224 2109 advenam:

235 2193 272 2253 ut
297 2213 358 2256 nec
381 2191 538 2255 cumulem
565 2191 711 2276 exempla
732 2213 793 2256 nec
815 2213 832 2254 e
854 2190 1085 2254 sententiarum
1114 2189 1307 2275 linguaeque
1329 2210 1377 2252 ra-

235 2301 375 2366 tionibus
402 2323 490 2367 nunc
519 2305 710 2388 argumenta
736 2306 853 2386 petam.
899 2300 988 2387 Ergo
1015 2301 1133 2386 igitur,
1165 2321 1227 2385 quo
1250 2322 1377 2385 corrup-

235 2411 317 2476 telae
332 2433 451 2498 genere
473 2413 562 2478 nulla
583 2435 658 2498 pars
674 2414 872 2478 senariorum
893 2433 960 2477 non
974 2412 1089 2477 affecta
1101 2415 1160 2496 est,
1185 2433 1263 2476 eone
1278 2433 1377 2476 unum

235 2521 325 2587 illum
351 2523 457 2589 locum
484 2523 658 2589 immunem
686 2523 843 2606 dicamus,
874 2523 907 2587 in
936 2545 999 2608 quo
1021 2523 1102 2587 solet
1132 2544 1263 2587 caesura
1285 2521 1378 2587 esse?

235 2633 302 2698 Aut
328 2631 389 2699 hoo
418 2633 590 2698 absurdum
618 2637 673 2698 aut
702 2633 793 2699 nihil.
838 2633 883 2698 Et
909 2634 1056 2719 quidest
1081 2633 1300 2716 tandemcur,
1324 2633 1378 2717 qui

234 2743 353 2808 talibus
380 2744 595 2828 delectantur,
625 2745 719 2830 quale
747 2748 796 2809 est
818 2747 952 2824 pc'rcpre
978 2746 1074 2826 rpsus,
1102 2766 1167 2808 non
1200 2743 1379 2827 suscipiant
1397 2765 1426 2812 rx

234 2857 343 2918 tamen
366 2859 399 2920 et
421 2858 555 2920 teneant
577 2877 658 2940 quae
681 2877 749 2942 arg.
772 2854 870 2920 Poen.
894 2853 915 2918 2
936 2855 1010 2919 libri
1032 2854 1256 2939 prodiderunt:

431 3016 501 3058 osor
520 2999 679 3056 mulierum
701 3000 836 3074 emptum
858 2997 984 3074 adoptat
1009 2996 1089 3055 hunc
1110 3015 1208 3070 senex,

301 3197 326 3264 ⁸)
358 3195 405 3265 [At
422 3197 558 3263 quantum
576 3213 609 3253 ea
628 3213 692 3267 spes
709 3197 818 3252 fefellit!
843 3197 885 3253 Ea
902 3195 975 3251 enim
994 3197 1087 3250 aetate
1105 3195 1230 3262 vivimus,
1249 3213 1304 3265 qua
1321 3213 1376 3251 non

236 3289 345 3342 tantum
364 3289 547 3356 defendendo,
570 3289 659 3344 sicubi
676 3289 804 3356 occurrit,
821 3291 910 3346 hiatui
929 3289 1004 3345 omni
1021 3289 1121 3344 virium
1140 3289 1316 3344 contentione
1333 3290 1374 3344 in·

236 3382 374 3437 cumbitur
391 3383 518 3453 exemplo
536 3383 679 3439 Weisiano
698 3385 782 3452 atque
800 3383 1051 3450 Lindemanniam,
1075 3401 1171 3438 verum
1188 3383 1225 3438 ad
1242 3383 1270 3437 id
1288 3401 1376 3454 genus

234 3473 397 3530 deliciarum
416 3475 512 3531 dedita
530 3493 616 3546 opera
633 3478 795 3532 sectandum
813 3477 1061 3549 aucupandumque
1074 3477 1195 3548 undique
1214 3479 1376 3533 convolatur

235 3569 263 3622 et
281 3569 408 3624 certatim
427 3569 600 3639 elaboratur,
629 3571 712 3640 plane
735 3570 843 3626 utiam
865 3571 966 3626 inhiari
983 3570 1072 3626 hiatui
1089 3571 1172 3626 dicas.
1210 3569 1298 3636 Quam
1316 3589 1375 3626 rem

233 3660 314 3717 video
332 3662 485 3718 tortissimo
504 3663 612 3719 aurium
629 3663 731 3720 iudicio
748 3665 782 3718 Κ.
795 3663 930 3720 Lehrsii
948 3665 988 3720 ita
1006 3664 1185 3734 displicuisse,
1204 3668 1234 3719 ut
1251 3665 1280 3718 in
1297 3666 1374 3719 Aris-

232 3755 323 3810 tarchi
344 3755 387 3810 sui
409 3755 530 3812 editione
555 3757 645 3812 altera
666 3777 693 3829 p.
712 3765 763 3815 486
788 3759 858 3813 haec
883 3761 1002 3830 poneret
1024 3759 1060 3814 ad
1082 3757 1190 3814 hiatum
1212 3759 1241 3813 in
1259 3776 1375 3815 caesura

234 3848 340 3904 sedicet
357 3849 507 3905 admissum
525 3868 543 3905 a
559 3851 658 3906 Plauto
676 3852 843 3922 spectantia:
874 3853 968 3908 ‘Nunc
991 3857 1086 3908 tamen
1109 3869 1171 3907 cum
1197 3852 1377 3908 inveniantur

233 3942 281 4010 qui
297 3941 327 3996 in
344 3959 385 4016 re,
401 3959 472 4010 quaa
491 3961 592 4016 auceps
611 3947 640 4000 et
658 3945 819 4001 dubitabilis
831 3963 892 4001 csso
904 3947 996 4013 debet,
1014 3949 1148 4014 tanquam
1160 3964 1190 4000 ra
1202 3947 1274 4001 bene
1293 3948 1375 4015 gesta

232 4035 347 4090 licenter
365 4036 510 4104 exsultent,
528 4036 557 4091 id
568 4037 637 4092 mihi
647 4042 745 4094 notum
758 4057 819 4096 esse
833 4040 1002 4096 monendum
1015 4039 1092 4094 duxi:
1111 4045 1143 4094 ut
1154 4042 1183 4094 et
1194 4040 1264 4095 alios
1277 4041 1373 4110 rhyth-

232 4145 292 4184 mos
309 4129 452 4184 Plautinos
470 4149 558 4201 nuper
575 4131 645 4200 vidi,
664 4133 712 4202 qui
730 4132 752 4187 si
770 4137 834 4190 sunt
851 4133 985 4201 Plautini,
1008 4151 1074 4189 sana
1092 4134 1207 4188 Plautus
1225 4135 1291 4190 fecit
1309 4136 1373 4190 bar-

231 4222 320 4277 bare)
356 4223 394 4277 Et
410 4224 480 4279 haec
498 4226 626 4294 quidem,
656 4243 727 4294 quac
749 4230 891 4298 postrema
909 4227 991 4296 dixit,
1020 4229 1070 4283 aut
1087 4228 1169 4283 fallor
1186 4230 1235 4282 cut
1252 4227 1289 4283 ad
1306 4229 1375 4284 talia

231 4316 383 4386 pertinent,
402 4318 495 4386 qualia
513 4337 598 4389 supra
614 4339 641 4390 p.
656 4327 713 4376 220.
728 4327 785 4376 278.
805 4329 862 4377 302.
882 4327 932 4378 306
950 4340 989 4391 sq.
1008 4327 1058 4378 336
1076 4339 1115 4392 sq.
1134 4329 1184 4378 404
1201 4321 1370 4395 perstrinxi]

300 4409 343 4479 ⁴³)
361 4409 398 4480 [h.
419 4427 442 4466 e.
461 4419 595 4472 conservi
611 4423 749 4486 expetunt
765 4417 840 4488 duo]
