<?xml version="1.0" encoding="UTF-8"?>
<!DOCTYPE html PUBLIC "-//W3C//DTD XHTML 1.0 Transitional//EN"
    "http://www.w3.org/TR/xhtml1/DTD/xhtml1-transitional.dtd">
<html xmlns="http://www.w3.org/1999/xhtml" xml:lang="en" lang="en">
 <head>
  <title>
</title>
<meta http-equiv="Content-Type" content="text/html;charset=utf-8" />
  <meta name='ocr-system' content='tesseract 3.04.00' />
  <meta name='ocr-capabilities' content='ocr_page ocr_carea ocr_par ocr_line ocrx_word'/>
</head>
<body>
  <div class='ocr_page' id='page_1' title='image "./fridericiritsch10wachgoog/fridericiritsch10wachgoog_0132.png"; bbox 0 0 3238 5078; ppageno 0'>
   <div class='ocr_carea' id='block_1_1' title="bbox 649 318 1356 402">
    <p class='ocr_par' dir='ltr' id='par_1_1' title="bbox 649 318 1356 402">
     <span class='ocr_line' id='line_1_1' title="bbox 649 318 1356 402; baseline 0.004 -22"><span class='ocrx_word' id='word_1_1' title='bbox 649 334 691 380; x_wconf 90' lang='lat'>·11.</span> <span class='ocrx_word' id='word_1_2' title='bbox 722 331 917 382; x_wconf 74' lang='lat' dir='ltr'>russanen.</span> <span class='ocrx_word' id='word_1_3' title='bbox 964 399 966 402; x_wconf 16' lang='grc' dir='ltr'>Ι</span> <span class='ocrx_word' id='word_1_4' title='bbox 1296 318 1356 383; x_wconf 89' lang='lat'>103</span> 
     </span>
    </p>
   </div>
   <div class='ocr_carea' id='block_1_2' title="bbox 151 486 1357 1236">
    <p class='ocr_par' dir='ltr' id='par_1_2' title="bbox 151 486 1357 1236">
     <span class='ocr_line' id='line_1_2' title="bbox 217 486 1356 573; baseline 0.001 -21"><span class='ocrx_word' id='word_1_5' title='bbox 217 509 314 573; x_wconf 88' lang='lat' dir='ltr'>quam</span> <span class='ocrx_word' id='word_1_6' title='bbox 336 509 414 572; x_wconf 91' lang='lat' dir='ltr'>opus</span> <span class='ocrx_word' id='word_1_7' title='bbox 436 486 662 552; x_wconf 76' lang='lat' dir='ltr'>miserabiliter</span> <span class='ocrx_word' id='word_1_8' title='bbox 688 487 898 570; x_wconf 85' lang='lat' dir='ltr'>depravatum</span> <span class='ocrx_word' id='word_1_9' title='bbox 926 489 959 550; x_wconf 84' lang='lat' dir='ltr'>et</span> <span class='ocrx_word' id='word_1_10' title='bbox 990 489 1174 571; x_wconf 88' lang='lat' dir='ltr'>corruptum</span> <span class='ocrx_word' id='word_1_11' title='bbox 1201 487 1356 554; x_wconf 88' lang='lat' dir='ltr'>scelerate</span> 
     </span>
     <span class='ocr_line' id='line_1_3' title="bbox 151 597 1356 683; baseline 0.002 -20"><span class='ocrx_word' id='word_1_12' title='bbox 151 643 155 648; x_wconf 86' lang='lat'>·</span> <span class='ocrx_word' id='word_1_13' title='bbox 216 599 296 682; x_wconf 88' lang='lat' dir='ltr'>fuit,</span> <span class='ocrx_word' id='word_1_14' title='bbox 327 598 387 663; x_wconf 90' lang='lat' dir='ltr'>hoc</span> <span class='ocrx_word' id='word_1_15' title='bbox 414 598 558 682; x_wconf 87' lang='lat' dir='ltr'>profecto</span> <span class='ocrx_word' id='word_1_16' title='bbox 584 599 650 662; x_wconf 89' lang='lat' dir='ltr'>fuit</span> <span class='ocrx_word' id='word_1_17' title='bbox 670 601 736 683; x_wconf 89' lang='lat' dir='ltr'>opt.</span> <span class='ocrx_word' id='word_1_18' title='bbox 761 601 794 661; x_wconf 91' lang='lat' dir='ltr'>et</span> <span class='ocrx_word' id='word_1_19' title='bbox 814 598 1037 682; x_wconf 88' lang='lat' dir='ltr'>praestantiss.</span> <span class='ocrx_word' id='word_1_20' title='bbox 1061 597 1283 678; x_wconf 81' lang='lat' dir='ltr'>Plautinerum</span> <span class='ocrx_word' id='word_1_21' title='bbox 1306 621 1356 665; x_wconf 91' lang='lat' dir='ltr'>co·</span> 
     </span>
     <span class='ocr_line' id='line_1_4' title="bbox 217 707 1357 798; baseline 0.002 -24"><span class='ocrx_word' id='word_1_22' title='bbox 217 709 443 774; x_wconf 89' lang='lat' dir='ltr'>moediarum.’</span> <span class='ocrx_word' id='word_1_23' title='bbox 493 713 538 793; x_wconf 84' lang='lat' dir='ltr'>(p.</span> <span class='ocrx_word' id='word_1_24' title='bbox 569 710 623 796; x_wconf 77' lang='lat'>17)</span> <span class='ocrx_word' id='word_1_25' title='bbox 656 707 895 774; x_wconf 77' lang='lat' dir='ltr'>‘Correctiones</span> <span class='ocrx_word' id='word_1_26' title='bbox 929 712 1036 774; x_wconf 88' lang='lat' dir='ltr'>autem</span> <span class='ocrx_word' id='word_1_27' title='bbox 1070 709 1357 798; x_wconf 77' lang='lat' dir='ltr'>comprobaverunt</span> 
     </span>
     <span class='ocr_line' id='line_1_5' title="bbox 218 818 1356 905; baseline 0.002 -21"><span class='ocrx_word' id='word_1_28' title='bbox 218 820 420 905; x_wconf 85' lang='lat' dir='ltr'>proverbium</span> <span class='ocrx_word' id='word_1_29' title='bbox 441 823 532 885; x_wconf 77' lang='lat' dir='ltr'>vatin</span> <span class='ocrx_word' id='word_1_30' title='bbox 555 822 588 884; x_wconf 93' lang='lat' dir='ltr'>et</span> <span class='ocrx_word' id='word_1_31' title='bbox 608 820 707 904; x_wconf 81' lang='lat' dir='ltr'>ipsae,</span> <span class='ocrx_word' id='word_1_32' title='bbox 732 819 903 884; x_wconf 89' lang='lat' dir='ltr'>multorum</span> <span class='ocrx_word' id='word_1_33' title='bbox 919 818 1114 884; x_wconf 90' lang='lat' dir='ltr'>medicorum</span> <span class='ocrx_word' id='word_1_34' title='bbox 1137 821 1356 886; x_wconf 76' lang='lat' dir='ltr'>curationibus</span> 
     </span>
     <span class='ocr_line' id='line_1_6' title="bbox 218 928 1355 1017; baseline 0.001 -21"><span class='ocrx_word' id='word_1_35' title='bbox 218 933 365 1017; x_wconf 86' lang='lat' dir='ltr'>aegrotos</span> <span class='ocrx_word' id='word_1_36' title='bbox 387 932 564 1016; x_wconf 86' lang='lat' dir='ltr'>plerunque</span> <span class='ocrx_word' id='word_1_37' title='bbox 585 931 685 1014; x_wconf 91' lang='lat' dir='ltr'>perdi.</span> <span class='ocrx_word' id='word_1_38' title='bbox 730 928 810 995; x_wconf 84' lang='lat' dir='ltr'>cum</span> <span class='ocrx_word' id='word_1_39' title='bbox 839 929 939 1014; x_wconf 88' lang='lat' dir='ltr'>igitur</span> <span class='ocrx_word' id='word_1_40' title='bbox 966 929 1056 994; x_wconf 89' lang='lat' dir='ltr'>illum</span> <span class='ocrx_word' id='word_1_41' title='bbox 1076 930 1194 995; x_wconf 88' lang='lat' dir='ltr'>librum</span> <span class='ocrx_word' id='word_1_42' title='bbox 1215 935 1355 998; x_wconf 85' lang='lat' dir='ltr'>veterem</span> 
     </span>
     <span class='ocr_line' id='line_1_7' title="bbox 216 1039 1355 1128; baseline 0.001 -21"><span class='ocrx_word' id='word_1_43' title='bbox 216 1042 354 1128; x_wconf 91' lang='lat' dir='ltr'>primum</span> <span class='ocrx_word' id='word_1_44' title='bbox 377 1042 541 1125; x_wconf 89' lang='lat' dir='ltr'>vidissem,</span> <span class='ocrx_word' id='word_1_45' title='bbox 565 1040 745 1106; x_wconf 82' lang='lat' dir='ltr'>incredibili</span> <span class='ocrx_word' id='word_1_46' title='bbox 767 1039 885 1126; x_wconf 88' lang='lat' dir='ltr'>gaudio</span> <span class='ocrx_word' id='word_1_47' title='bbox 907 1040 1038 1105; x_wconf 88' lang='lat' dir='ltr'>affectus</span> <span class='ocrx_word' id='word_1_48' title='bbox 1061 1041 1119 1125; x_wconf 89' lang='lat' dir='ltr'>fui,</span> <span class='ocrx_word' id='word_1_49' title='bbox 1143 1042 1226 1126; x_wconf 89' lang='lat' dir='ltr'>quod</span> <span class='ocrx_word' id='word_1_50' title='bbox 1248 1064 1355 1127; x_wconf 86' lang='lat' dir='ltr'>spera·</span> 
     </span>
     <span class='ocr_line' id='line_1_8' title="bbox 216 1147 1354 1236; baseline 0.001 -19"><span class='ocrx_word' id='word_1_51' title='bbox 216 1175 283 1218; x_wconf 89' lang='lat' dir='ltr'>rem</span> <span class='ocrx_word' id='word_1_52' title='bbox 315 1154 470 1218; x_wconf 89' lang='lat' dir='ltr'>beneficio</span> <span class='ocrx_word' id='word_1_53' title='bbox 502 1152 596 1217; x_wconf 92' lang='lat' dir='ltr'>huius</span> <span class='ocrx_word' id='word_1_54' title='bbox 628 1155 696 1216; x_wconf 86' lang='lat' dir='ltr'>tam</span> <span class='ocrx_word' id='word_1_55' title='bbox 728 1152 866 1236; x_wconf 89' lang='lat' dir='ltr'>turpiter</span> <span class='ocrx_word' id='word_1_56' title='bbox 899 1147 1133 1216; x_wconf 80' lang='lat' dir='ltr'>contaminatas</span> <span class='ocrx_word' id='word_1_57' title='bbox 1166 1156 1199 1217; x_wconf 92' lang='lat' dir='ltr'>et</span> <span class='ocrx_word' id='word_1_58' title='bbox 1231 1153 1354 1218; x_wconf 89' lang='lat' dir='ltr'>mendis</span> 
     </span>
    </p>
   </div>
   <div class='ocr_carea' id='block_1_3' title="bbox 179 1261 1421 4442">
    <p class='ocr_par' dir='ltr' id='par_1_3' title="bbox 179 1261 1421 4442">
     <span class='ocr_line' id='line_1_9' title="bbox 217 1261 1355 1348; baseline 0.001 -20"><span class='ocrx_word' id='word_1_59' title='bbox 217 1266 376 1328; x_wconf 87' lang='lat' dir='ltr'>scatentes</span> <span class='ocrx_word' id='word_1_60' title='bbox 402 1263 528 1328; x_wconf 88' lang='lat' dir='ltr'>fabulas</span> <span class='ocrx_word' id='word_1_61' title='bbox 555 1262 722 1327; x_wconf 86' lang='lat' dir='ltr'>Plautinas</span> <span class='ocrx_word' id='word_1_62' title='bbox 750 1261 919 1348; x_wconf 87' lang='lat' dir='ltr'>repurgari</span> <span class='ocrx_word' id='word_1_63' title='bbox 946 1265 1042 1347; x_wconf 87' lang='lat' dir='ltr'>atque</span> <span class='ocrx_word' id='word_1_64' title='bbox 1069 1262 1251 1347; x_wconf 73' lang='lat' dir='ltr'>integritati</span> <span class='ocrx_word' id='word_1_65' title='bbox 1278 1287 1355 1330; x_wconf 89' lang='lat' dir='ltr'>suae</span> 
     </span>
     <span class='ocr_line' id='line_1_10' title="bbox 216 1373 1355 1458; baseline 0.002 -20"><span class='ocrx_word' id='word_1_66' title='bbox 216 1375 341 1438; x_wconf 88' lang='lat' dir='ltr'>restitui</span> <span class='ocrx_word' id='word_1_67' title='bbox 362 1396 465 1458; x_wconf 88' lang='lat' dir='ltr'>posse.</span> <span class='ocrx_word' id='word_1_68' title='bbox 511 1373 590 1440; x_wconf 78' lang='lat' dir='ltr'>(lum</span> <span class='ocrx_word' id='word_1_69' title='bbox 619 1376 725 1437; x_wconf 89' lang='lat' dir='ltr'>autem</span> <span class='ocrx_word' id='word_1_70' title='bbox 752 1373 871 1438; x_wconf 91' lang='lat' dir='ltr'>intueri</span> <span class='ocrx_word' id='word_1_71' title='bbox 899 1373 990 1436; x_wconf 90' lang='lat' dir='ltr'>illum</span> <span class='ocrx_word' id='word_1_72' title='bbox 1019 1374 1190 1456; x_wconf 82' lang='lat' dir='ltr'>attentius,</span> <span class='ocrx_word' id='word_1_73' title='bbox 1228 1378 1261 1439; x_wconf 89' lang='lat' dir='ltr'>et</span> <span class='ocrx_word' id='word_1_74' title='bbox 1287 1397 1355 1440; x_wconf 89' lang='lat' dir='ltr'>rem</span> 
     </span>
     <span class='ocr_line' id='line_1_11' title="bbox 216 1483 1354 1570; baseline 0.003 -21"><span class='ocrx_word' id='word_1_75' title='bbox 216 1506 326 1570; x_wconf 86' lang='lat' dir='ltr'>gerere</span> <span class='ocrx_word' id='word_1_76' title='bbox 360 1485 539 1550; x_wconf 74' lang='lat' dir='ltr'>accuratius</span> <span class='ocrx_word' id='word_1_77' title='bbox 569 1484 758 1569; x_wconf 81' lang='lat' dir='ltr'>coepissem,</span> <span class='ocrx_word' id='word_1_78' title='bbox 789 1505 855 1548; x_wconf 89' lang='lat' dir='ltr'>non</span> <span class='ocrx_word' id='word_1_79' title='bbox 877 1484 1005 1567; x_wconf 91' lang='lat' dir='ltr'>quidem</span> <span class='ocrx_word' id='word_1_80' title='bbox 1027 1487 1064 1547; x_wconf 91' lang='lat' dir='ltr'>ut</span> <span class='ocrx_word' id='word_1_81' title='bbox 1086 1483 1177 1548; x_wconf 90' lang='lat' dir='ltr'>aiunt</span> <span class='ocrx_word' id='word_1_82' title='bbox 1199 1484 1354 1566; x_wconf 69' lang='grc' dir='ltr'>ἄνθρακες</span> 
     </span>
     <span class='ocr_line' id='line_1_12' title="bbox 215 1593 1354 1680; baseline 0 -19"><span class='ocrx_word' id='word_1_83' title='bbox 215 1597 431 1680; x_wconf 78' lang='grc' dir='ltr'>ὁθηεαυρόε,</span> <span class='ocrx_word' id='word_1_84' title='bbox 461 1595 516 1659; x_wconf 88' lang='lat' dir='ltr'>sed</span> <span class='ocrx_word' id='word_1_85' title='bbox 543 1595 644 1658; x_wconf 92' lang='lat' dir='ltr'>multo</span> <span class='ocrx_word' id='word_1_86' title='bbox 671 1596 757 1658; x_wconf 91' lang='lat' dir='ltr'>certe</span> <span class='ocrx_word' id='word_1_87' title='bbox 780 1593 885 1658; x_wconf 89' lang='lat' dir='ltr'>minus</span> <span class='ocrx_word' id='word_1_88' title='bbox 908 1615 1004 1678; x_wconf 91' lang='lat' dir='ltr'>quam</span> <span class='ocrx_word' id='word_1_89' title='bbox 1027 1615 1286 1678; x_wconf 85' lang='lat' dir='ltr'>speraveramus,</span> <span class='ocrx_word' id='word_1_90' title='bbox 1318 1596 1354 1661; x_wconf 91' lang='lat' dir='ltr'>in</span> 
     </span>
     <span class='ocr_line' id='line_1_13' title="bbox 215 1703 1353 1791; baseline 0.001 -21"><span class='ocrx_word' id='word_1_91' title='bbox 215 1705 270 1770; x_wconf 91' lang='lat' dir='ltr'>illo</span> <span class='ocrx_word' id='word_1_92' title='bbox 297 1706 379 1770; x_wconf 89' lang='lat' dir='ltr'>libro</span> <span class='ocrx_word' id='word_1_93' title='bbox 408 1706 477 1791; x_wconf 92' lang='lat' dir='ltr'>opis</span> <span class='ocrx_word' id='word_1_94' title='bbox 506 1709 538 1770; x_wconf 92' lang='lat' dir='ltr'>et</span> <span class='ocrx_word' id='word_1_95' title='bbox 572 1705 681 1790; x_wconf 91' lang='lat' dir='ltr'>copiae</span> <span class='ocrx_word' id='word_1_96' title='bbox 720 1705 904 1788; x_wconf 85' lang='lat' dir='ltr'>reperimus.</span> <span class='ocrx_word' id='word_1_97' title='bbox 949 1703 1092 1769; x_wconf 89' lang='lat' dir='ltr'>Primum</span> <span class='ocrx_word' id='word_1_98' title='bbox 1125 1703 1210 1770; x_wconf 89' lang='lat' dir='ltr'>enim</span> <span class='ocrx_word' id='word_1_99' title='bbox 1242 1707 1353 1771; x_wconf 89' lang='lat' dir='ltr'>statim</span> 
     </span>
     <span class='ocr_line' id='line_1_14' title="bbox 217 1814 1421 1900; baseline 0.001 -20"><span class='ocrx_word' id='word_1_100' title='bbox 217 1815 518 1900; x_wconf 81' lang='lat' dir='ltr'>depraehendimus,</span> <span class='ocrx_word' id='word_1_101' title='bbox 552 1815 718 1880; x_wconf 87' lang='lat' dir='ltr'>librarium</span> <span class='ocrx_word' id='word_1_102' title='bbox 746 1814 845 1879; x_wconf 85' lang='lat' dir='ltr'>fuisse</span> <span class='ocrx_word' id='word_1_103' title='bbox 875 1814 1060 1898; x_wconf 88' lang='lat' dir='ltr'>imperitum</span> <span class='ocrx_word' id='word_1_104' title='bbox 1086 1814 1267 1880; x_wconf 87' lang='lat' dir='ltr'>litterarum</span> <span class='ocrx_word' id='word_1_105' title='bbox 1294 1816 1352 1881; x_wconf 88' lang='lat' dir='ltr'>La·</span> <span class='ocrx_word' id='word_1_106' title='bbox 1370 1831 1421 1881; x_wconf 80' lang='lat'>514</span> 
     </span>
     <span class='ocr_line' id='line_1_15' title="bbox 216 1925 1353 2020; baseline 0 -28"><span class='ocrx_word' id='word_1_107' title='bbox 216 1928 366 2010; x_wconf 84' lang='lat' dir='ltr'>tinamm,</span> <span class='ocrx_word' id='word_1_108' title='bbox 389 1949 499 2010; x_wconf 91' lang='lat' dir='ltr'>unum,</span> <span class='ocrx_word' id='word_1_109' title='bbox 522 1929 559 1990; x_wconf 90' lang='lat' dir='ltr'>ut</span> <span class='ocrx_word' id='word_1_110' title='bbox 581 1929 725 2010; x_wconf 89' lang='lat' dir='ltr'>apparet,</span> <span class='ocrx_word' id='word_1_111' title='bbox 749 1925 935 2020; x_wconf 76' lang='lat' dir='ltr'>suillorum</span> <span class='ocrx_word' id='word_1_112' title='bbox 957 1946 1084 2010; x_wconf 87' lang='lat' dir='ltr'>genere,</span> <span class='ocrx_word' id='word_1_113' title='bbox 1109 1926 1163 2009; x_wconf 92' lang='lat' dir='ltr'>qui</span> <span class='ocrx_word' id='word_1_114' title='bbox 1185 1926 1220 1991; x_wconf 88' lang='lat' dir='ltr'>in</span> <span class='ocrx_word' id='word_1_115' title='bbox 1243 1948 1353 1992; x_wconf 89' lang='lat' dir='ltr'>coeno-</span> 
     </span>
     <span class='ocr_line' id='line_1_16' title="bbox 179 2035 1353 2122; baseline 0.002 -21"><span class='ocrx_word' id='word_1_116' title='bbox 179 2077 186 2090; x_wconf 91' lang='lat'><strong>·</strong></span> <span class='ocrx_word' id='word_1_117' title='bbox 216 2037 277 2101; x_wconf 91' lang='lat' dir='ltr'>biis</span> <span class='ocrx_word' id='word_1_118' title='bbox 293 2039 333 2101; x_wconf 88' lang='lat' dir='ltr'>ad</span> <span class='ocrx_word' id='word_1_119' title='bbox 349 2037 429 2101; x_wconf 89' lang='lat' dir='ltr'>alias</span> <span class='ocrx_word' id='word_1_120' title='bbox 451 2037 578 2122; x_wconf 85' lang='lat' dir='ltr'>quasvis</span> <span class='ocrx_word' id='word_1_121' title='bbox 601 2036 826 2120; x_wconf 84' lang='lat' dir='ltr'>occupationes</span> <span class='ocrx_word' id='word_1_122' title='bbox 849 2057 918 2101; x_wconf 89' lang='lat' dir='ltr'>sese</span> <span class='ocrx_word' id='word_1_123' title='bbox 940 2035 1015 2099; x_wconf 88' lang='lat' dir='ltr'>dare</span> <span class='ocrx_word' id='word_1_124' title='bbox 1038 2035 1199 2120; x_wconf 88' lang='lat' dir='ltr'>quondam</span> <span class='ocrx_word' id='word_1_125' title='bbox 1222 2059 1353 2103; x_wconf 88' lang='lat' dir='ltr'>eonsue-</span> 
     </span>
     <span class='ocr_line' id='line_1_17' title="bbox 216 2146 1353 2234; baseline 0.001 -22"><span class='ocrx_word' id='word_1_126' title='bbox 216 2149 352 2231; x_wconf 88' lang='lat' dir='ltr'>vissent,</span> <span class='ocrx_word' id='word_1_127' title='bbox 391 2170 486 2233; x_wconf 83' lang='lat' dir='ltr'>quam</span> <span class='ocrx_word' id='word_1_128' title='bbox 522 2148 707 2211; x_wconf 89' lang='lat' dir='ltr'>incumbere</span> <span class='ocrx_word' id='word_1_129' title='bbox 735 2146 840 2210; x_wconf 90' lang='lat' dir='ltr'>studio</span> <span class='ocrx_word' id='word_1_130' title='bbox 867 2148 1023 2212; x_wconf 87' lang='lat' dir='ltr'>bonarum</span> <span class='ocrx_word' id='word_1_131' title='bbox 1051 2147 1230 2212; x_wconf 87' lang='lat' dir='ltr'>litterarum</span> <span class='ocrx_word' id='word_1_132' title='bbox 1258 2152 1353 2234; x_wconf 89' lang='lat' dir='ltr'>atque</span> 
     </span>
     <span class='ocr_line' id='line_1_18' title="bbox 216 2257 1352 2345; baseline 0.003 -23"><span class='ocrx_word' id='word_1_133' title='bbox 216 2259 346 2323; x_wconf 84' lang='lat' dir='ltr'>artium:</span> <span class='ocrx_word' id='word_1_134' title='bbox 384 2261 513 2322; x_wconf 81' lang='lat' dir='ltr'>rectene</span> <span class='ocrx_word' id='word_1_135' title='bbox 541 2280 582 2322; x_wconf 91' lang='lat' dir='ltr'>an</span> <span class='ocrx_word' id='word_1_136' title='bbox 610 2279 717 2340; x_wconf 88' lang='lat' dir='ltr'>secus,</span> <span class='ocrx_word' id='word_1_137' title='bbox 747 2279 834 2321; x_wconf 91' lang='lat' dir='ltr'>nunc</span> <span class='ocrx_word' id='word_1_138' title='bbox 860 2278 927 2321; x_wconf 91' lang='lat' dir='ltr'>non</span> <span class='ocrx_word' id='word_1_139' title='bbox 955 2279 1114 2342; x_wconf 88' lang='lat' dir='ltr'>quaeram.</span> <span class='ocrx_word' id='word_1_140' title='bbox 1160 2257 1222 2325; x_wconf 78' lang='lat' dir='ltr'>Sed</span> <span class='ocrx_word' id='word_1_141' title='bbox 1249 2281 1352 2345; x_wconf 90' lang='lat' dir='ltr'>neque</span> 
     </span>
     <span class='ocr_line' id='line_1_19' title="bbox 215 2367 1353 2455; baseline 0.004 -23"><span class='ocrx_word' id='word_1_142' title='bbox 215 2368 330 2434; x_wconf 89' lang='lat' dir='ltr'>librum</span> <span class='ocrx_word' id='word_1_143' title='bbox 357 2369 564 2450; x_wconf 71' lang='grc' dir='ltr'>ἀρχέτυπον,</span> <span class='ocrx_word' id='word_1_144' title='bbox 599 2367 684 2432; x_wconf 92' lang='lat' dir='ltr'>unde</span> <span class='ocrx_word' id='word_1_145' title='bbox 717 2367 770 2431; x_wconf 88' lang='lat' dir='ltr'>hic</span> <span class='ocrx_word' id='word_1_146' title='bbox 801 2367 980 2452; x_wconf 90' lang='lat' dir='ltr'>descriptus</span> <span class='ocrx_word' id='word_1_147' title='bbox 1014 2368 1093 2451; x_wconf 85' lang='lat' dir='ltr'>fuit,</span> <span class='ocrx_word' id='word_1_148' title='bbox 1127 2370 1291 2455; x_wconf 90' lang='lat' dir='ltr'>integrum</span> <span class='ocrx_word' id='word_1_149' title='bbox 1321 2375 1353 2436; x_wconf 90' lang='lat' dir='ltr'>et</span> 
     </span>
     <span class='ocr_line' id='line_1_20' title="bbox 216 2477 1352 2564; baseline 0.004 -21"><span class='ocrx_word' id='word_1_150' title='bbox 216 2480 419 2545; x_wconf 90' lang='lat' dir='ltr'>emendatum</span> <span class='ocrx_word' id='word_1_151' title='bbox 440 2479 558 2564; x_wconf 90' lang='lat' dir='ltr'>ubique</span> <span class='ocrx_word' id='word_1_152' title='bbox 581 2479 690 2562; x_wconf 90' lang='lat' dir='ltr'>fuisse,</span> <span class='ocrx_word' id='word_1_153' title='bbox 714 2477 809 2543; x_wconf 84' lang='lat' dir='ltr'>facile</span> <span class='ocrx_word' id='word_1_154' title='bbox 831 2477 937 2562; x_wconf 91' lang='lat' dir='ltr'>potuit</span> <span class='ocrx_word' id='word_1_155' title='bbox 959 2478 1201 2543; x_wconf 79' lang='lat' dir='ltr'>animadverti&#39;</span> <span class='ocrx_word' id='word_1_156' title='bbox 1233 2479 1273 2545; x_wconf 91' lang='lat' dir='ltr'>In</span> <span class='ocrx_word' id='word_1_157' title='bbox 1296 2481 1352 2547; x_wconf 87' lang='lat' dir='ltr'>der</span> 
     </span>
     <span class='ocr_line' id='line_1_21' title="bbox 216 2588 1352 2674; baseline 0.003 -20"><span class='ocrx_word' id='word_1_158' title='bbox 216 2591 336 2654; x_wconf 88' lang='lat' dir='ltr'>andern</span> <span class='ocrx_word' id='word_1_159' title='bbox 359 2591 492 2674; x_wconf 87' lang='lat' dir='ltr'>(neuen)</span> <span class='ocrx_word' id='word_1_160' title='bbox 516 2588 656 2653; x_wconf 89' lang='lat' dir='ltr'>Vorrede</span> <span class='ocrx_word' id='word_1_161' title='bbox 686 2589 762 2653; x_wconf 89' lang='lat' dir='ltr'>aber</span> <span class='ocrx_word' id='word_1_162' title='bbox 788 2588 890 2652; x_wconf 89' lang='lat' dir='ltr'>heisst</span> <span class='ocrx_word' id='word_1_163' title='bbox 917 2609 950 2652; x_wconf 91' lang='lat' dir='ltr'>es</span> <span class='ocrx_word' id='word_1_164' title='bbox 977 2611 1008 2672; x_wconf 94' lang='lat' dir='ltr'>p.</span> <span class='ocrx_word' id='word_1_165' title='bbox 1035 2590 1089 2652; x_wconf 91' lang='lat'>11:</span> <span class='ocrx_word' id='word_1_166' title='bbox 1127 2589 1352 2658; x_wconf 80' lang='lat' dir='ltr'>‘Adminicula</span> 
     </span>
     <span class='ocr_line' id='line_1_22' title="bbox 214 2698 1349 2787; baseline 0.003 -23"><span class='ocrx_word' id='word_1_167' title='bbox 214 2701 368 2785; x_wconf 86' lang='lat' dir='ltr'>quaedam</span> <span class='ocrx_word' id='word_1_168' title='bbox 390 2699 559 2764; x_wconf 89' lang='lat' dir='ltr'>habuimus</span> <span class='ocrx_word' id='word_1_169' title='bbox 573 2699 708 2764; x_wconf 90' lang='lat' dir='ltr'>duorum</span> <span class='ocrx_word' id='word_1_170' title='bbox 721 2698 884 2778; x_wconf 86' lang='lat' dir='ltr'>librorum,</span> <span class='ocrx_word' id='word_1_171' title='bbox 909 2701 1053 2762; x_wconf 88' lang='lat' dir='ltr'>veterum</span> <span class='ocrx_word' id='word_1_172' title='bbox 1069 2699 1196 2784; x_wconf 88' lang='lat' dir='ltr'>quidem</span> <span class='ocrx_word' id='word_1_173' title='bbox 1210 2699 1349 2787; x_wconf 90' lang='lat' dir='ltr'>illorum,</span> 
     </span>
     <span class='ocr_line' id='line_1_23' title="bbox 214 2808 1349 2895; baseline 0.004 -22"><span class='ocrx_word' id='word_1_174' title='bbox 214 2810 268 2874; x_wconf 91' lang='lat' dir='ltr'>sed</span> <span class='ocrx_word' id='word_1_175' title='bbox 296 2832 373 2895; x_wconf 91' lang='lat' dir='ltr'>quos</span> <span class='ocrx_word' id='word_1_176' title='bbox 400 2810 602 2874; x_wconf 84' lang='lat' dir='ltr'>librariorum</span> <span class='ocrx_word' id='word_1_177' title='bbox 629 2809 759 2874; x_wconf 89' lang='lat' dir='ltr'>inscitia</span> <span class='ocrx_word' id='word_1_178' title='bbox 790 2812 823 2874; x_wconf 90' lang='lat' dir='ltr'>et</span> <span class='ocrx_word' id='word_1_179' title='bbox 849 2808 988 2873; x_wconf 86' lang='lat' dir='ltr'>futilitas</span> <span class='ocrx_word' id='word_1_180' title='bbox 1014 2808 1107 2872; x_wconf 89' lang='lat' dir='ltr'>foede</span> <span class='ocrx_word' id='word_1_181' title='bbox 1134 2810 1306 2894; x_wconf 87' lang='lat' dir='ltr'>depravass</span> <span class='ocrx_word' id='word_1_182' title='bbox 1324 2815 1349 2878; x_wconf 90' lang='lat' dir='ltr'>t.</span> 
     </span>
     <span class='ocr_line' id='line_1_24' title="bbox 213 2916 1350 3008; baseline 0.003 -24"><span class='ocrx_word' id='word_1_183' title='bbox 213 2920 336 2985; x_wconf 77' lang='lat' dir='ltr'>Honnm</span> <span class='ocrx_word' id='word_1_184' title='bbox 364 2920 500 2984; x_wconf 91' lang='lat' dir='ltr'>alterum</span> <span class='ocrx_word' id='word_1_185' title='bbox 525 2920 615 2984; x_wconf 89' lang='lat' dir='ltr'>nacti</span> <span class='ocrx_word' id='word_1_186' title='bbox 643 2921 763 2985; x_wconf 86' lang='lat' dir='ltr'>fuimus</span> <span class='ocrx_word' id='word_1_187' title='bbox 786 2921 824 2983; x_wconf 91' lang='lat' dir='ltr'>de</span> <span class='ocrx_word' id='word_1_188' title='bbox 847 2916 1042 2983; x_wconf 89' lang='lat' dir='ltr'>bibliotheca</span> <span class='ocrx_word' id='word_1_189' title='bbox 1063 2921 1259 3003; x_wconf 83' lang='lat' dir='ltr'>praestantis</span> <span class='ocrx_word' id='word_1_190' title='bbox 1281 2921 1350 3008; x_wconf 92' lang='lat' dir='ltr'>dig·</span> 
     </span>
     <span class='ocr_line' id='line_1_25' title="bbox 213 3029 1350 3116; baseline 0.002 -21"><span class='ocrx_word' id='word_1_191' title='bbox 213 3031 316 3097; x_wconf 89' lang='lat' dir='ltr'>nitate</span> <span class='ocrx_word' id='word_1_192' title='bbox 338 3034 371 3096; x_wconf 90' lang='lat' dir='ltr'>et</span> <span class='ocrx_word' id='word_1_193' title='bbox 392 3031 538 3094; x_wconf 89' lang='lat' dir='ltr'>doctrina</span> <span class='ocrx_word' id='word_1_194' title='bbox 559 3031 620 3094; x_wconf 82' lang='lat' dir='ltr'>viri</span> <span class='ocrx_word' id='word_1_195' title='bbox 642 3029 711 3095; x_wconf 89' lang='lat' dir='ltr'>Viti</span> <span class='ocrx_word' id='word_1_196' title='bbox 734 3029 872 3095; x_wconf 88' lang='lat' dir='ltr'>Werleri</span> <span class='ocrx_word' id='word_1_197' title='bbox 895 3029 1027 3112; x_wconf 83' lang='lat' dir='ltr'>Franci,</span> <span class='ocrx_word' id='word_1_198' title='bbox 1052 3029 1103 3094; x_wconf 90' lang='lat' dir='ltr'>oui</span> <span class='ocrx_word' id='word_1_199' title='bbox 1124 3029 1276 3116; x_wconf 86' lang='lat' dir='ltr'>pleraque</span> <span class='ocrx_word' id='word_1_200' title='bbox 1297 3032 1350 3097; x_wconf 90' lang='lat' dir='ltr'>de·</span> 
     </span>
     <span class='ocr_line' id='line_1_26' title="bbox 212 3139 1350 3227; baseline 0.003 -22"><span class='ocrx_word' id='word_1_201' title='bbox 212 3142 322 3206; x_wconf 88' lang='lat' dir='ltr'>bemus</span> <span class='ocrx_word' id='word_1_202' title='bbox 344 3163 555 3226; x_wconf 89' lang='lat' dir='ltr'>eorumquae</span> <span class='ocrx_word' id='word_1_203' title='bbox 578 3162 597 3204; x_wconf 88' lang='lat' dir='ltr'>a</span> <span class='ocrx_word' id='word_1_204' title='bbox 618 3141 711 3205; x_wconf 90' lang='lat' dir='ltr'>uobis</span> <span class='ocrx_word' id='word_1_205' title='bbox 735 3141 867 3205; x_wconf 89' lang='lat' dir='ltr'>fuerunt</span> <span class='ocrx_word' id='word_1_206' title='bbox 890 3144 1042 3204; x_wconf 88' lang='lat' dir='ltr'>correcta.</span> <span class='ocrx_word' id='word_1_207' title='bbox 1088 3139 1220 3227; x_wconf 81' lang='lat' dir='ltr'>Georgii</span> <span class='ocrx_word' id='word_1_208' title='bbox 1243 3145 1350 3208; x_wconf 89' lang='lat' dir='ltr'>autem</span> 
     </span>
     <span class='ocr_line' id='line_1_27' title="bbox 212 3250 1349 3338; baseline 0.004 -23"><span class='ocrx_word' id='word_1_209' title='bbox 212 3252 350 3316; x_wconf 86' lang='lat' dir='ltr'>Fabricii</span> <span class='ocrx_word' id='word_1_210' title='bbox 374 3251 492 3315; x_wconf 87' lang='lat' dir='ltr'>candor</span> <span class='ocrx_word' id='word_1_211' title='bbox 515 3251 648 3315; x_wconf 84' lang='lat' dir='ltr'>eximius</span> <span class='ocrx_word' id='word_1_212' title='bbox 672 3254 704 3315; x_wconf 90' lang='lat' dir='ltr'>et</span> <span class='ocrx_word' id='word_1_213' title='bbox 725 3250 950 3316; x_wconf 85' lang='lat' dir='ltr'>benevolentia</span> <span class='ocrx_word' id='word_1_214' title='bbox 972 3272 1095 3314; x_wconf 90' lang='lat' dir='ltr'>summa</span> <span class='ocrx_word' id='word_1_215' title='bbox 1118 3273 1196 3336; x_wconf 88' lang='lat' dir='ltr'>erga</span> <span class='ocrx_word' id='word_1_216' title='bbox 1217 3275 1286 3338; x_wconf 90' lang='lat' dir='ltr'>nos,</span> <span class='ocrx_word' id='word_1_217' title='bbox 1310 3254 1349 3320; x_wconf 89' lang='lat' dir='ltr'>de</span> 
     </span>
     <span class='ocr_line' id='line_1_28' title="bbox 212 3349 1367 3446; baseline 0.003 -20"><span class='ocrx_word' id='word_1_218' title='bbox 212 3362 391 3427; x_wconf 90' lang='lat' dir='ltr'>incredibili</span> <span class='ocrx_word' id='word_1_219' title='bbox 424 3361 527 3426; x_wconf 90' lang='lat' dir='ltr'>studio</span> <span class='ocrx_word' id='word_1_220' title='bbox 542 3349 548 3362; x_wconf 62' lang='lat'>⁸</span> <span class='ocrx_word' id='word_1_221' title='bbox 561 3361 748 3446; x_wconf 85' lang='lat' dir='ltr'>diligentiae</span> <span class='ocrx_word' id='word_1_222' title='bbox 782 3383 873 3444; x_wconf 89' lang='lat' dir='ltr'>suae,</span> <span class='ocrx_word' id='word_1_223' title='bbox 910 3361 1157 3427; x_wconf 82' lang='lat' dir='ltr'>communicavit</span> <span class='ocrx_word' id='word_1_224' title='bbox 1183 3363 1367 3430; x_wconf 89' lang='lat' dir='ltr'>nobiseum.</span> 
     </span>
     <span class='ocr_line' id='line_1_29' title="bbox 212 3471 1349 3560; baseline 0.004 -24"><span class='ocrx_word' id='word_1_225' title='bbox 212 3493 314 3557; x_wconf 89' lang='lat' dir='ltr'>nuper</span> <span class='ocrx_word' id='word_1_226' title='bbox 335 3494 427 3535; x_wconf 88' lang='lat' dir='ltr'>suum</span> <span class='ocrx_word' id='word_1_227' title='bbox 449 3491 572 3556; x_wconf 90' lang='lat' dir='ltr'>quoque</span> <span class='ocrx_word' id='word_1_228' title='bbox 599 3471 730 3555; x_wconf 90' lang='lat' dir='ltr'>librum,</span> <span class='ocrx_word' id='word_1_229' title='bbox 764 3472 799 3536; x_wconf 88' lang='lat' dir='ltr'>in</span> <span class='ocrx_word' id='word_1_230' title='bbox 827 3493 921 3555; x_wconf 86' lang='lat' dir='ltr'>quem</span> <span class='ocrx_word' id='word_1_231' title='bbox 950 3476 1169 3559; x_wconf 87' lang='lat' dir='ltr'>congesserat,</span> <span class='ocrx_word' id='word_1_232' title='bbox 1199 3474 1349 3560; x_wconf 88' lang='lat' dir='ltr'>quicquid</span> 
     </span>
     <span class='ocr_line' id='line_1_30' title="bbox 212 3580 1349 3667; baseline 0.006 -22"><span class='ocrx_word' id='word_1_233' title='bbox 212 3583 393 3667; x_wconf 88' lang='lat' dir='ltr'>perquirere</span> <span class='ocrx_word' id='word_1_234' title='bbox 419 3582 557 3667; x_wconf 86' lang='lat' dir='ltr'>legendo</span> <span class='ocrx_word' id='word_1_235' title='bbox 578 3583 698 3666; x_wconf 86' lang='lat' dir='ltr'>potuit,</span> <span class='ocrx_word' id='word_1_236' title='bbox 733 3581 816 3666; x_wconf 93' lang='lat' dir='ltr'>quod</span> <span class='ocrx_word' id='word_1_237' title='bbox 845 3581 886 3645; x_wconf 87' lang='lat' dir='ltr'>ad</span> <span class='ocrx_word' id='word_1_238' title='bbox 913 3580 1137 3648; x_wconf 87' lang='lat' dir='ltr'>Plautinarum</span> <span class='ocrx_word' id='word_1_239' title='bbox 1166 3584 1349 3652; x_wconf 86' lang='lat' dir='ltr'>fabularum</span> 
     </span>
     <span class='ocr_line' id='line_1_31' title="bbox 211 3691 1347 3779; baseline 0.005 -23"><span class='ocrx_word' id='word_1_240' title='bbox 211 3696 278 3756; x_wconf 85' lang='lat' dir='ltr'>tam</span> <span class='ocrx_word' id='word_1_241' title='bbox 300 3691 556 3757; x_wconf 90' lang='lat' dir='ltr'>emendationem</span> <span class='ocrx_word' id='word_1_242' title='bbox 578 3714 673 3778; x_wconf 89' lang='lat' dir='ltr'>quam</span> <span class='ocrx_word' id='word_1_243' title='bbox 696 3692 942 3776; x_wconf 85' lang='lat' dir='ltr'>explicationem</span> <span class='ocrx_word' id='word_1_244' title='bbox 970 3692 1090 3779; x_wconf 89' lang='lat' dir='ltr'>aliquid</span> <span class='ocrx_word' id='word_1_245' title='bbox 1115 3697 1269 3760; x_wconf 88' lang='lat' dir='ltr'>momenti</span> <span class='ocrx_word' id='word_1_246' title='bbox 1292 3697 1347 3762; x_wconf 90' lang='lat' dir='ltr'>ha-</span> 
     </span>
     <span class='ocr_line' id='line_1_32' title="bbox 211 3801 1346 3873; baseline 0.004 -7"><span class='ocrx_word' id='word_1_247' title='bbox 211 3803 311 3867; x_wconf 90' lang='lat' dir='ltr'>beret.</span> <span class='ocrx_word' id='word_1_248' title='bbox 343 3801 477 3868; x_wconf 85' lang='lat' dir='ltr'>Caetera</span> <span class='ocrx_word' id='word_1_249' title='bbox 499 3806 575 3867; x_wconf 87' lang='lat' dir='ltr'>sunt</span> <span class='ocrx_word' id='word_1_250' title='bbox 598 3803 860 3868; x_wconf 86' lang='lat' dir='ltr'>considerationis</span> <span class='ocrx_word' id='word_1_251' title='bbox 884 3806 916 3866; x_wconf 90' lang='lat' dir='ltr'>et</span> <span class='ocrx_word' id='word_1_252' title='bbox 938 3825 1032 3868; x_wconf 89' lang='lat' dir='ltr'>curae</span> <span class='ocrx_word' id='word_1_253' title='bbox 1047 3827 1085 3869; x_wconf 89' lang='lat' dir='ltr'>ac</span> <span class='ocrx_word' id='word_1_254' title='bbox 1100 3805 1196 3869; x_wconf 89' lang='lat' dir='ltr'>studii</span> <span class='ocrx_word' id='word_1_255' title='bbox 1218 3808 1346 3873; x_wconf 65' lang='lat' dir='ltr'>nostri?</span> 
     </span>
     <span class='ocr_line' id='line_1_33' title="bbox 211 3912 1347 3996; baseline 0.004 -18"><span class='ocrx_word' id='word_1_256' title='bbox 211 3912 315 3978; x_wconf 89' lang='lat' dir='ltr'>Unter</span> <span class='ocrx_word' id='word_1_257' title='bbox 336 3912 409 3977; x_wconf 86' lang='lat' dir='ltr'>dem</span> <span class='ocrx_word' id='word_1_258' title='bbox 431 3913 583 3978; x_wconf 58' lang='lat' dir='ltr'>*libero</span> <span class='ocrx_word' id='word_1_259' title='bbox 599 3913 755 3978; x_wconf 84' lang='lat' dir='ltr'>Fabricii’</span> <span class='ocrx_word' id='word_1_260' title='bbox 779 3913 868 3978; x_wconf 88' lang='lat' dir='ltr'>kann</span> <span class='ocrx_word' id='word_1_261' title='bbox 884 3912 1070 3996; x_wconf 83' lang='lat' dir='ltr'>unmbglieh</span> <span class='ocrx_word' id='word_1_262' title='bbox 1092 3917 1191 3980; x_wconf 84' lang='lat' dir='ltr'>etwas</span> <span class='ocrx_word' id='word_1_263' title='bbox 1214 3915 1347 3983; x_wconf 87' lang='lat' dir='ltr'>anderes</span> 
     </span>
     <span class='ocr_line' id='line_1_34' title="bbox 212 4021 1344 4109; baseline 0.004 -23"><span class='ocrx_word' id='word_1_264' title='bbox 212 4023 258 4086; x_wconf 85' lang='lat' dir='ltr'>als</span> <span class='ocrx_word' id='word_1_265' title='bbox 280 4024 333 4088; x_wconf 88' lang='grc'>111</span> <span class='ocrx_word' id='word_1_266' title='bbox 355 4023 546 4108; x_wconf 85' lang='lat' dir='ltr'>gedrucktes</span> <span class='ocrx_word' id='word_1_267' title='bbox 568 4021 828 4108; x_wconf 86' lang='lat' dir='ltr'>Handexemplar</span> <span class='ocrx_word' id='word_1_268' title='bbox 855 4025 909 4088; x_wconf 90' lang='lat' dir='ltr'>des</span> <span class='ocrx_word' id='word_1_269' title='bbox 936 4022 1072 4087; x_wconf 83' lang='lat' dir='ltr'>letztern</span> <span class='ocrx_word' id='word_1_270' title='bbox 1099 4025 1243 4109; x_wconf 88' lang='lat' dir='ltr'>gemeint</span> <span class='ocrx_word' id='word_1_271' title='bbox 1264 4026 1344 4091; x_wconf 88' lang='lat' dir='ltr'>sein.</span> 
     </span>
     <span class='ocr_line' id='line_1_35' title="bbox 211 4132 1347 4218; baseline 0.007 -24"><span class='ocrx_word' id='word_1_272' title='bbox 211 4132 355 4218; x_wconf 85' lang='lat' dir='ltr'>Folglich</span> <span class='ocrx_word' id='word_1_273' title='bbox 378 4133 575 4198; x_wconf 76' lang='lat' dir='ltr'>beschriinlrt</span> <span class='ocrx_word' id='word_1_274' title='bbox 597 4133 666 4198; x_wconf 89' lang='lat' dir='ltr'>sich</span> <span class='ocrx_word' id='word_1_275' title='bbox 688 4133 888 4198; x_wconf 81' lang='lat' dir='ltr'>Camerarius</span> <span class='ocrx_word' id='word_1_276' title='bbox 911 4133 1042 4216; x_wconf 78' lang='grc'>1111111,</span> <span class='ocrx_word' id='word_1_277' title='bbox 1071 4154 1133 4198; x_wconf 81' lang='lat' dir='ltr'>von</span> <span class='ocrx_word' id='word_1_278' title='bbox 1156 4132 1211 4198; x_wconf 89' lang='lat' dir='ltr'>der</span> <span class='ocrx_word' id='word_1_279' title='bbox 1234 4135 1347 4202; x_wconf 83' lang='lat' dir='ltr'>beaten</span> 
     </span>
     <span class='ocr_line' id='line_1_36' title="bbox 211 4242 1346 4330; baseline 0.006 -24"><span class='ocrx_word' id='word_1_280' title='bbox 211 4243 315 4308; x_wconf 89' lang='lat' dir='ltr'>seiner</span> <span class='ocrx_word' id='word_1_281' title='bbox 336 4242 451 4308; x_wconf 87' lang='lat' dir='ltr'>beiden</span> <span class='ocrx_word' id='word_1_282' title='bbox 466 4243 722 4309; x_wconf 79' lang='lat' dir='ltr'>Handschriften</span> <span class='ocrx_word' id='word_1_283' title='bbox 744 4245 814 4308; x_wconf 91' lang='lat' dir='ltr'>eine</span> <span class='ocrx_word' id='word_1_284' title='bbox 836 4243 956 4308; x_wconf 82' lang='lat' dir='ltr'>n&#39;dhere</span> <span class='ocrx_word' id='word_1_285' title='bbox 977 4242 1074 4308; x_wconf 90' lang='lat' dir='ltr'>Notiz</span> <span class='ocrx_word' id='word_1_286' title='bbox 1089 4265 1128 4307; x_wconf 90' lang='lat' dir='ltr'>zu</span> <span class='ocrx_word' id='word_1_287' title='bbox 1144 4245 1260 4330; x_wconf 88' lang='lat' dir='ltr'>geben,</span> <span class='ocrx_word' id='word_1_288' title='bbox 1281 4269 1346 4312; x_wconf 81' lang='lat' dir='ltr'>von</span> 
     </span>
     <span class='ocr_line' id='line_1_37' title="bbox 211 4342 1345 4442; baseline 0.009 -26"><span class='ocrx_word' id='word_1_289' title='bbox 211 4352 267 4417; x_wconf 91' lang='lat' dir='ltr'>der</span> <span class='ocrx_word' id='word_1_290' title='bbox 288 4354 423 4420; x_wconf 82' lang='lat' dir='ltr'>aweiten</span> <span class='ocrx_word' id='word_1_291' title='bbox 445 4354 521 4419; x_wconf 90' lang='lat' dir='ltr'>aber</span> <span class='ocrx_word' id='word_1_292' title='bbox 543 4377 602 4441; x_wconf 84' lang='lat' dir='ltr'>gar¹</span> <span class='ocrx_word' id='word_1_293' title='bbox 617 4353 725 4420; x_wconf 89' lang='lat' dir='ltr'>niehts</span> <span class='ocrx_word' id='word_1_294' title='bbox 740 4354 851 4420; x_wconf 86' lang='lat' dir='ltr'>weiter</span> <span class='ocrx_word' id='word_1_295' title='bbox 865 4375 905 4418; x_wconf 85' lang='lat' dir='ltr'>zu</span> <span class='ocrx_word' id='word_1_296' title='bbox 920 4342 1031 4442; x_wconf 82' lang='lat' dir='ltr'>eugen.</span> <span class='ocrx_word' id='word_1_297' title='bbox 1064 4353 1201 4419; x_wconf 81' lang='lat' dir='ltr'>Kainem</span> <span class='ocrx_word' id='word_1_298' title='bbox 1215 4355 1345 4426; x_wconf 82' lang='lat' dir='ltr'>Zweifel</span> 
     </span>
    </p>
   </div>
   <div class='ocr_carea' id='block_1_4' title="bbox 0 0 1624 5078">
    <p class='ocr_par' dir='ltr' id='par_1_4' title="bbox 0 0 1624 5078">
     <span class='ocr_line' id='line_1_38' title="bbox 0 0 1624 5078; baseline 0 2"><span class='ocrx_word' id='word_1_299' title='bbox 0 0 1624 5078; x_wconf 95' lang='lat' dir='ltr'> </span> 
     </span>
    </p>
   </div>
  </div>
 </body>
</html>
