3302 5096
605 372 820 434 vnmnocvm
843 371 1030 419 susumus.
1327 354 1389 417 427

335 528 384 592 'Et
399 534 607 594 currendumst
622 535 651 592 ot
665 533 863 611 pugnandum
885 535 915 590 ct
936 531 1128 608 inrigandum
1152 533 1252 588 autem
1274 532 1306 590 in
1331 531 1390 590 via.

251 681 319 748 Nec
342 683 427 747 enim
450 681 580 746 dubium
608 703 677 744 esse
704 683 811 764 potest
837 680 915 764 quin
942 680 1080 763 pristina
1107 686 1246 757 ioriporc
1273 677 1388 761 forma,

250 793 334 860 uude
357 793 576 858 contractione
599 791 726 856 demum
747 798 874 871 torpore
895 794 1008 855 notum
1028 793 1065 855 ut
1082 811 1224 872 purpure
1246 811 1284 853 cx
1303 797 1389 870 pori·

249 925 342 988 pore,
371 903 498 968 illorum
526 904 679 968 societate
706 902 801 966 latius
832 905 965 986 patente
995 899 1326 985 comprehendendum
1348 901 1391 965 sit

251 1037 332 1100 quoe
354 1017 431 1079 sunt
452 1021 609 1092 clericare
634 1019 804 1094 onoripore
823 1019 979 1092 sominare
996 1016 1154 1092 sustiporc
1174 1019 1310 1092 loviyoro
1332 1018 1390 1076 liti-

248 1147 326 1205 pore
346 1132 487 1204 mitiqore
501 1131 650 1204 naoiqoro
665 1131 817 1204 remiqore
831 1130 1001 1203 inomiporc
1022 1130 1195 1208 voriepore,
1218 1123 1390 1188 maximam

250 1239 375 1322 partem
398 1258 417 1300 a
440 1235 479 1300 G.
503 1235 528 1300 I.
552 1234 667 1300 Vossio
689 1235 727 1299 de
750 1239 819 1299 orte
841 1256 977 1320 gramm.
1001 1233 1041 1317 V,
1064 1233 1106 1298 46
1129 1235 1161 1298 ct
1181 1233 1390 1298 Lachmanno

250 1347 285 1412 in
306 1346 401 1417 Lucr.
424 1369 456 1432 p.
480 1346 540 1411 321
566 1349 822 1410 commemorate.
863 1345 951 1422 Quae
973 1344 1066 1410 hodie
1088 1343 1216 1429 quidem
1239 1367 1257 1409 a
1279 1344 1390 1431 pleris-

251 1480 311 1543 que
333 1457 481 1522 0mnibus
511 1456 641 1522 concedi
668 1461 818 1541 putamus
841 1478 907 1521 non
930 1456 1106 1540 composita
1129 1476 1208 1538 esse,
1232 1455 1288 1520 sed
1310 1456 1390 1520 deri-

250 1571 326 1632 vata
354 1567 577 1632 anominibus
604 1567 812 1652 simplicibus.
856 1566 941 1631 Nam
971 1567 998 1630 si
1027 1566 1133 1651 aliquo
1161 1565 1253 1630 modo
1282 1566 1391 1631 animo

249 1679 418 1743 informari
439 1681 547 1762 potest
568 1677 707 1741 ‘fumum
728 1677 779 1743 vel
800 1699 916 1742 navem
930 1676 981 1741 vel
995 1699 1117 1740 remum
1137 1681 1265 1756 offendi'
1289 1677 1389 1761 notio,

250 1811 311 1854 nec
337 1789 497 1854 veteribus
525 1789 623 1854 talem
650 1789 850 1853 notationem
877 1787 1077 1872 displicuisse
1107 1809 1178 1852 cum
1210 1786 1389 1872 Eutychius

252 1923 284 1984 p.
307 1899 390 1964 2161
424 1900 517 1963 docet
548 1902 617 1964 tum
652 1907 852 1979 turpationcm
883 1899 1102 1982 interpretans
1135 1904 1210 1964 ioris
1241 1905 1389 1964 actionem

250 2010 364 2075 Festus
386 2010 543 2094 epitomae
566 2033 600 2094 p.
619 2011 680 2076 103
703 2010 798 2096 (nihil
821 2011 907 2076 enim
929 2011 997 2075 eius
1012 2010 1098 2074 modi
1112 2008 1217 2073 Varro
1239 2010 1314 2074 del.
1331 2009 1388 2074 lat.

250 2119 325 2203 VII,
348 2121 389 2185 93
412 2120 607 2207 significat):
629 2124 739 2186 tamen
754 2122 830 2206 quid
845 2143 913 2186 esse
936 2121 1076 2185 ‘clarum
1098 2127 1210 2205 egere'
1233 2121 1319 2184 dices
1340 2121 1391 2185 vel

250 2239 406 2316 ‘gnarum
427 2232 539 2295 mitem
560 2253 675 2316 purum
697 2232 820 2334 verium
843 2233 980 2316 agere'?
1003 2235 1035 2295 et
1055 2231 1151 2296 sicin
1174 2231 1287 2296 ceteris
1309 2253 1390 2316 quae

251 2340 290 2405 ad
312 2340 470 2426 ‘agendi'
492 2341 624 2406 verbum
642 2365 712 2406 cum
728 2342 783 2406 alii
798 2342 992 2407 rettulerunt
1014 2345 1083 2406 tum
1104 2345 1214 2406 nostra
1237 2343 1390 2407 memorio

249 2452 374 2518 Pottius
396 2453 418 2517 l.
442 2475 468 2517 s.
492 2474 518 2516 s.
542 2452 559 2517 Ι
579 2475 612 2537 p.
639 2453 709 2518 132.
735 2454 844 2539 182.*)
874 2453 998 2518 Deinde
1021 2453 1081 2517 etsi
1103 2460 1155 2518 lito
1177 2475 1271 2534 opere
1292 2454 1390 2518 semel

250 2563 312 2628 nisi
334 2562 477 2628 fallimur
499 2563 620 2627 dictum
649 2566 697 2626 est
723 2586 742 2626 a
764 2563 984 2639 Quinctiliono
1004 2563 1085 2629 Inst.
1109 2563 1169 2644 VI,
1196 2565 1224 2647 1,
1247 2565 1306 2648 50,
1335 2564 1390 2629 ubi

252 2674 348 2738 ctiam
362 2681 485 2754 litioore
499 2676 663 2758 potuerat:
688 2674 892 2759 (quamquam
914 2697 956 2739 ne
977 2674 1010 2738 id
1039 2674 1166 2758 quidem
1188 2674 1388 2759 simpliciter,

250 2783 305 2847 sed
331 2785 500 2849 verborum
528 2784 745 2868 complexione
772 2784 830 2849 tali
859 2807 933 2850 usus
959 2791 1139 2866 pecuniario
1166 2792 1217 2850 lito
1243 2789 1390 2851 odoersos

246 2899 380 2972 fratrom
402 2903 465 2960 eius
479 2900 689 2961 Aenobarbum
705 2899 837 2978 oaorem)
860 2899 969 2960 tamen
991 2917 1051 2960 nec
1073 2903 1141 2960 iure
1162 2917 1256 2976 opero
1276 2897 1389 2981 lingua

249 3005 396 3089 probavit
417 3009 453 3069 ut
476 3006 638 3070 constanti
659 3028 720 3070 usu
741 2995 979 3092 frequentatum
994 3012 1060 3085 lcoe
1075 3027 1178 3089 opero,
1202 3029 1262 3071 neo
1283 3009 1389 3093 magis

249 3138 345 3200 quam
371 3123 476 3182 rixari
497 3123 646 3182 altercari
672 3118 768 3181 verba
799 3117 904 3202 ipsum
931 3126 1057 3197 torpore
1089 3139 1238 3202 umquem
1271 3121 1319 3182 est
1349 3120 1388 3182 cd

250 3248 317 3291 rem
338 3227 539 3292 iudiciariam
562 3229 850 3293 accommodatum:
878 3230 914 3293 in
941 3229 1028 3312 quali
1050 3229 1212 3293 sententio
1234 3229 1388 3294 miramur

252 3358 324 3401 cum
346 3337 417 3402 aliis
439 3338 518 3402 iuris
541 3339 722 3403 doctoribus
751 3338 790 3404 G.
814 3339 850 3403 F.
874 3339 1032 3404 Puohtem
1054 3361 1122 3405 csse
1143 3339 1388 3405 Institutionum

252 3449 275 3511 t.
299 3447 331 3512 Π
353 3471 386 3532 p.
410 3447 452 3514 65
474 3449 522 3513 cd.
545 3452 621 3514 tert.

333 3557 403 3623 Nec
429 3562 539 3624 tomen
567 3560 602 3625 in
631 3560 769 3646 simplici
790 3562 933 3644 tantum,
957 3561 1013 3626 scd
1036 3562 1132 3626 etiam
1153 3563 1188 3625 in
1212 3565 1386 3648 composito

214 3655 222 3666 ’
250 3673 413 3750 otiuroore
428 3670 525 3734 verbo
546 3669 782 3754 productiorem
803 3671 939 3736 formam
955 3672 1130 3757 antiquitas
1146 3673 1294 3737 servavit.
1327 3673 1387 3738 Ec-

316 3857 341 3925 *)
364 3854 484 3926 {Tenuit
510 3873 573 3912 eum
600 3874 724 3913 errorem
749 3857 823 3912 idem
849 3858 957 3914 Pettius
982 3857 1011 3912 in
1036 3858 1109 3913 libro
1131 3858 1282 3915 novissimo
1304 3878 1386 3929 quem

250 3949 576 4005 ‘Wurzchltrterbuch
594 3950 643 4005 der
660 3951 940 4022 Indogermanischen
958 3951 1115 4023 Sprnchen‘
1133 3951 1283 4022 inscripsit,
1301 3954 1355 4008 vol.
1374 3956 1387 4008 Ι

249 4049 369 4110 p,1230.
405 4042 531 4112 Eumque
554 4059 676 4098 errorem
697 4045 783 4099 miror
804 4047 898 4114 eliqua
920 4063 954 4100 cx
977 4047 1058 4116 purte
1081 4047 1117 4100 ab
1136 4062 1169 4100 eo
1187 4045 1246 4100 viro
1265 4047 1386 4114 defendi,

250 4135 326 4190 cuius
349 4139 378 4190 ct
399 4135 554 4191 doctrinam
577 4143 606 4192 ct
628 4136 760 4191 iudicium
781 4141 810 4193 ct
832 4157 1002 4210 propensum
1024 4139 1053 4192 in
1074 4157 1119 4194 me
1146 4139 1269 4194 animum
1290 4143 1386 4210 magni

248 4228 340 4283 fucere
362 4229 480 4295 solcum,
505 4229 538 4284 H.
562 4229 733 4286 Schwcizero
756 4230 862 4286 Sidlero
885 4233 914 4286 in
935 4233 1039 4287 Kuhnii
1060 4231 1161 4299 Dioriie
1184 4233 1385 4302 grammaticae

249 4321 456 4390 comparativae
473 4324 493 4377 t.
513 4324 564 4376 XII
581 4342 609 4393 p.
628 4330 685 4378 229.
721 4323 809 4390 Quem
831 4327 927 4380 tamen
948 4326 1038 4380 lector
1062 4325 1097 4380 do
1120 4344 1213 4395 nopae
1235 4327 1264 4382 et
1282 4333 1387 4398 uocari

248 4413 361 4468 vocibus
378 4431 490 4485 prorsus
508 4415 576 4472 mihi
594 4415 720 4472 assentiri
742 4418 779 4473 ib.
798 4420 818 4474 t.
838 4417 889 4472 v11
905 4437 932 4491 p.
953 4425 1001 4476 152
1019 4421 1048 4475 et
1064 4419 1102 4474 XI
1119 4437 1146 4490 p.
1166 4422 1215 4491 m]
