3302 5096
595 381 814 450 ¹vnruuoovm
838 381 1024 429 rusvrrun.
1319 365 1382 430 425

245 535 413 622 pristinam
450 556 550 616 nuque
584 536 671 600 vocis
707 535 844 600 formam
879 537 1017 622 primum
1053 536 1246 600 Deourtstus
1284 535 1382 600 codex

245 647 367 732 Plauti,
401 648 497 732 plone
530 649 625 732 atque
657 646 776 732 liquido
803 648 957 732 seriptum
984 647 1122 732 prodens
1150 654 1222 728 quin
1249 657 1282 712 tu
1309 655 1382 713 istus

245 767 356 824 omittis
386 781 531 838 naupas
558 758 745 823 Mercatoris
767 757 807 843 V,
831 759 863 843 2,
886 759 948 824 201
979 756 1076 847 [942].
1122 759 1257 824 Accedit
1280 762 1381 824 vetus-

245 871 307 935 tior
328 872 426 936 etiam
449 869 643 954 diphthongi
664 869 757 934 testis
772 869 1005 934 Ambrosianus
1027 871 1119 953 liber,
1145 870 1233 934 ouius
1256 871 1291 934 in
1313 870 1382 935 Tri·

244 983 367 1046 nummi
394 1005 424 1045 v.
449 982 512 1046 844
537 981 690 1046 memoria
711 1003 824 1065 purum
846 980 922 1045 olim
944 980 1036 1046 nobis
1059 981 1242 1065 intellecta,
1273 998 1382 1046 Ausu-

245 1093 592 1176 rlsNAunAr0R1AS*),
615 1092 670 1156 ubi
692 1097 736 1156 ad
756 1098 834 1156 artis
849 1099 1030 1172 sepmeries
1053 1093 1161 1175 eeteri,
1185 1115 1271 1158 nuno
1294 1115 1382 1178 pror·

244 1225 296 1268 sus
325 1226 391 1268 non
418 1203 599 1268 dubitamus
628 1204 706 1289 quin
736 1202 776 1268 ud
803 1210 1056 1282 neupatorr'us
1084 1203 1220 1268 formum
1249 1208 1381 1290 spectet.

243 1315 401 1380 Incertius
430 1318 478 1378 est
484 1364 493 1399 ,
531 1315 586 1378 sed
613 1318 722 1379 tumen
750 1336 814 1380 non
843 1313 1165 1399 praetermittendum
1192 1315 1382 1380 indieiorrun

244 1425 321 1491 illud
343 1447 445 1512 genus
451 1478 461 1510 ,
490 1426 574 1510 quod
601 1448 618 1490 e
641 1425 843 1490 librariorum
872 1425 1031 1490 erroribus
1060 1428 1150 1510 petus
1172 1425 1269 1490 nimis
1292 1426 1380 1490 miris

244 1558 301 1621 pro
323 1536 461 1602 usitatae
489 1537 576 1602 vocis
598 1536 813 1621 simplicitate.
859 1535 936 1600 Tale
966 1539 1014 1608 est
1041 1535 1180 1600 eiusdem
1202 1535 1382 1602 Trinummi

242 1671 271 1712 v.
295 1647 359 1714 900
385 1647 525 1732 positum
553 1648 588 1712 in
610 1647 726 1712 Vetere
749 1650 781 1711 et
802 1647 962 1712 Vaticano
984 1658 1167 1726 nuque-atur,
1199 1647 1234 1711 in
1262 1647 1381 1712 Decur-

242 1761 311 1822 tsto
333 1771 523 1838 superatur:
547 1758 636 1824 euius
660 1757 858 1842 corruptelae
881 1759 941 1822 etsi
963 1759 1015 1822 via
1030 1761 1062 1822 et
1084 1779 1270 1842 progressus
1294 1763 1380 1824 certo

243 1869 395 1954 explicari
428 1869 555 1953 nequit,
593 1869 682 1954 origo
709 1871 818 1932 tamen
846 1869 909 1934 nisi
936 1867 1078 1932 fallimur
1114 1891 1152 1932 ex
1185 1869 1296 1934 eadem
1326 1869 1381 1934 illa

243 1992 437 2060 naupatur
458 1981 562 2045 forma
584 1981 759 2064 repetenda
774 1983 832 2045 est.
862 1979 1045 2066 Eodemque
1067 1979 1209 2065 pertinet
1230 1981 1378 2066 fortasse,

242 2091 325 2176 quod
363 2091 399 2154 in
433 2089 650 2155 Menaechmis
685 2113 714 2156 v.
738 2091 778 2156 86
807 2113 928 2171 reu-yae
962 2092 997 2156 in
1025 2089 1143 2156 Vetere
1170 2093 1276 2156 exstat
1308 2113 1381 2157 oum

242 2202 336 2266 unius
358 2201 484 2266 litterae
506 2224 573 2268 non
595 2225 672 2268 sune
695 2206 780 2286 ante,
805 2202 859 2267 sed
881 2205 955 2287 post
977 2225 996 2268 u
1018 2201 1125 2266 litura.
1164 2201 1284 2268 Verum
1307 2227 1380 2290 grs-

241 2313 311 2377 vius
333 2312 552 2378 testimonium
574 2316 685 2395 restat,
708 2313 803 2398 idque
825 2315 858 2378 et
880 2316 1025 2398 apertum
1049 2317 1082 2378 et
1102 2313 1259 2397 imprimis
1283 2315 1378 2400 adpo-

242 2423 338 2488 situm
366 2422 407 2487 ad
434 2405 684 2509 persuosionem.
729 2422 814 2488 Nem
841 2423 1020 2488 Trinummi
1049 2447 1078 2488 v.
1101 2425 1162 2490 856
1190 2423 1273 2508 quod
1296 2425 1380 2490 idem

242 2534 339 2599 codex
361 2557 422 2600 nee
443 2555 541 2614 nepas
555 2557 616 2600 nee
630 2556 758 2614 neuque,
783 2534 839 2599 sed
861 2556 980 2614 nopes
1000 2537 1155 2619 praestat,
1179 2539 1288 2600 utrum
1303 2557 1379 2601 essu

241 2649 407 2730 peecatum
440 2645 624 2730 putabimus
657 2667 700 2710 an
731 2645 771 2710 ud
804 2645 929 2710 illorum
965 2645 1123 2710 rationem
1158 2647 1379 2712 revocabimus

241 2778 321 2841 quse
344 2759 420 2821 sunt
442 2762 528 2822 uella
550 2760 583 2820 et
605 2763 676 2835 olla,
701 2763 859 2822 surculari
872 2758 904 2820 et
920 2762 1062 2839 osculum,
1083 2761 1200 2836 plaudo
1223 2759 1255 2821 et
1273 2765 1376 2841 piade,

236 2875 409 2948 plaustrum
432 2869 464 2931 et
481 2873 641 2951 plostrum,
668 2873 793 2947 plautus
820 2873 957 2932 Plautius
979 2869 1011 2931 et
1027 2873 1130 2948 plotus
1152 2868 1291 2932 Plotius?
1333 2868 1379 2933 Vt
1463 2888 1466 2899 ·

240 2978 359 3062 triplici
382 3001 416 3042 se
439 2979 657 3043 vicissitudine
671 2999 793 3057 nanque
807 2999 905 3057 nopae
918 2999 1018 3056 nepae
1039 2977 1159 3041 formae
1182 2978 1376 3062 exceperint,

240 3089 335 3173 plane
365 3092 401 3153 ut
428 3095 595 3155 uelandus
618 3093 759 3154 claudius
786 3095 931 3154 claudere
957 3111 1015 3173 per
1041 3093 1147 3152 clodus
1175 3094 1296 3155 Clodius
1316 3096 1412 3155 clo-v

241 3205 312 3264 dere
334 3199 426 3284 (item
447 3200 615 3286 clodicore)
643 3198 762 3264 formas
789 3200 961 3264 transitum
990 3201 1038 3262 est
1062 3197 1101 3263 ud
1123 3205 1232 3264 eludes
1255 3205 1378 3266 Cludius

239 3318 371 3376 cludere.
405 3309 465 3374 Vel
489 3332 508 3374 a
529 3317 647 3376 raudus
668 3311 938 3396 Raudusculo(nu)
960 3331 1018 3394 per
1039 3315 1133 3375 rodus
1155 3315 1376 3376 Roduseulana

163 3465 169 3476 ·
240 3423 279 3486 ud
307 3427 404 3487 rudus
432 3427 668 3486 Ruduseuluna:
705 3420 744 3486 de
771 3421 886 3506 quibus
915 3419 1078 3485 adeundus
1108 3420 1220 3484 Festus
1247 3444 1278 3505 p.
1302 3421 1375 3488 265.

239 3531 301 3598 275
324 3554 395 3598 eum
417 3531 657 3616 interpretibus.
694 3529 781 3619 [Alia
804 3531 921 3596 similia
943 3553 1042 3616 euque
1065 3553 1104 3595 ex
1126 3535 1218 3616 parte
1240 3532 1376 3617 exquisi-

238 3643 320 3707 tiora
342 3642 413 3707 vide
436 3641 521 3726 opud
543 3641 754 3707 Ribbeekium
769 3642 1071 3727 Fleckeisenumque
1093 3644 1128 3706 in
1143 3641 1237 3708 huius
1253 3643 1374 3707 Annal.

239 3753 317 3836 phil.
341 3757 365 3817 t.
390 3753 431 3817 77
455 3755 497 3836 (a.
523 3753 617 3836 1858)
640 3775 671 3836 p.
698 3751 781 3842 182]

239 3895 440 3902 *mn-

305 3977 331 4042 *)
351 3973 426 4046 [Non
444 3972 490 4039 sio,
509 3973 558 4028 sed
578 3991 788 4029 usurssrosms
806 3974 899 4044 potius
911 3973 967 4029 illic
984 3972 1119 4044 seriptum
1137 3990 1197 4028 esse
1211 3973 1375 4028 Studemuu-

238 4067 288 4121 dus
306 4069 404 4122 namuh
420 4067 508 4122 Musei
525 4067 612 4122 Rhen.
632 4069 652 4122 t.
670 4067 732 4122 XXI
751 4087 778 4138 p.
797 4073 855 4122 616.
880 4065 932 4132 Qui
951 4085 1012 4122 cum
1030 4065 1116 4120 Brixii
1134 4067 1170 4121 ad
1189 4067 1264 4120 Trin.
1284 4085 1308 4120 v.
1325 4073 1374 4122 396

238 4160 447 4216 adnotationem
468 4160 576 4228 laudat,
603 4161 658 4216 etsi
679 4178 857 4231 nequequam
880 4161 970 4217 hubeo
992 4160 1068 4231 quod
1089 4159 1118 4214 in
1140 4159 1189 4214 illa
1211 4159 1374 4229 vituperem,

236 4257 330 4310 tumen
348 4255 461 4326 praeter
479 4273 512 4310 eu
528 4255 603 4326 ipsu,
631 4271 703 4324 quoe
726 4253 859 4309 decennio
882 4257 947 4309 unte
971 4270 1024 4323 ego
1046 4253 1214 4323 docuissem,
1240 4271 1275 4308 ne
1293 4253 1375 4309 uuuci

237 4347 348 4416 quidem
366 4348 441 4416 quod
458 4351 533 4404 esset
555 4347 595 4403 ibi
612 4348 752 4418 prolatum
769 4346 885 4418 invem]
