3302 5096
590 384 808 450 vuarnoovra
830 384 1016 436 strumus.
1311 368 1373 434 435

236 549 405 632 propterea
433 543 516 631 quod
544 546 614 610 ‘vix
637 544 740 610 audiri
767 543 886 630 possit'
914 551 1033 623 meanis
1054 565 1071 606 e
1091 547 1238 607 montibus
1265 541 1374 605 decur-

236 679 310 721 rens
338 679 437 742 aqua‚
471 678 566 741 quam
593 657 675 741 quod
704 677 770 720 non
799 677 836 720 ea
865 659 913 719 est
940 654 1127 718 decurrendi
1154 653 1259 737 notio,
1292 675 1374 738 quae

236 771 349 851 suapte
371 771 489 832 natura
512 789 583 832 cum
606 767 768 831 auditione
791 767 963 831 coniuncta
985 767 1038 848 sit,
1061 767 1097 829 ut
1120 787 1192 830 cum
1212 787 1273 830 voa
1287 771 1374 829 cisra

236 878 286 942 vel
308 884 380 944 tuba
402 878 519 943 dicitur
540 879 591 942 vel
612 885 718 943 clarus
738 885 856 943 clamor
871 885 1008 958 piunyor
1028 898 1121 942 sonor
1138 883 1276 956 plausus.
1314 874 1375 939 Ve-

236 1009 307 1051 rum
329 988 368 1052 de
390 995 488 1054 citare
510 989 622 1072 verbo,
646 990 674 1052 si
694 987 745 1052 fas
768 991 817 1052 est
838 1009 948 1052 verum
970 987 1090 1070 dicere,
1115 987 1261 1072 argutiae
1283 989 1374 1050 sunt:

237 1120 313 1164 narn
341 1101 373 1162 et
402 1098 583 1165 adventicia
610 1119 740 1183 prorsus
768 1102 817 1163 est
844 1098 1035 1162 nominatim
1063 1097 1247 1182 appellandi
1274 1096 1373 1192 noti0,

236 1231 297 1274 nec
323 1209 389 1273 ullo
415 1209 509 1274 modo
536 1209 613 1274 hinc
641 1208 747 1273 aliena
777 1209 817 1273 ad
846 1231 971 1273 cursum
1004 1209 1201 1293 instigandi:
1236 1209 1373 1292 quando,

237 1321 292 1404 qui
315 1321 356 1384 ad
378 1341 412 1385 se
433 1321 570 1404 invitat,
599 1318 750 1403 advocat,
781 1319 915 1384 arcessit
935 1319 1037 1402 feras,
1067 1320 1194 1384 easdem
1220 1322 1256 1383 ut
1279 1317 1319 1382 ad
1342 1341 1375 1383 se

239 1433 371 1496 currant
391 1430 528 1517 instigat
549 1431 703 1516 profecto.
748 1429 817 1496 Neo
845 1429 951 1495 minus
982 1430 1143 1496 commode
1168 1433 1258 1508 seras
1278 1437 1377 1496 citare

238 1563 338 1622 aquae
360 1542 509 1606 dicuntur
538 1564 633 1627 quam
659 1549 808 1622 primores
829 1547 1010 1621 Arqiuorum
1033 1547 1159 1606 adsere
1182 1545 1274 1606 Troia
1296 1548 1376 1606 ciere

236 1659 317 1717 uiros
344 1652 435 1736 'apud
468 1652 628 1718 Catullum
661 1655 694 1717 et
725 1651 752 1716 si
784 1673 865 1736 quaa
898 1651 1015 1716 similia
1041 1651 1220 1736 probarunt
1251 1655 1374 1736 poetae.

237 1761 461 1846 Scripseritne,
485 1762 567 1848 quod
590 1742 661 1827 euiu
684 1763 825 1846 potuisse
847 1762 984 1827 scribere
1006 1751 1238 1846 contendimus,
1261 1761 1375 1827 Lucre-

239 1857 315 1957 tius}
338 1873 453 1938 maiori
476 1895 545 1938 esse
567 1871 761 1937 dubitationi
782 1871 954 1937 obnoxium
975 1873 1140 1937 sentimus.
1177 1872 1375 1958 Quamquam

237 2005 256 2047 a
276 1983 430 2048 librorum
452 1983 596 2069 vestigiis
618 1999 910 2048 ousarcmrrsru
938 2004 1038 2068 prope
1059 1984 1154 2049 unius
1175 1986 1302 2049 tantum
1324 1983 1376 2048 lit-

236 2098 326 2159 terae
348 2094 598 2180 transpositione
621 2110 934 2159 uaaoucrraruaru
956 2095 1056 2161 distat
1077 2095 1109 2159 h.
1134 2117 1161 2160 e.

419 2236 558 2316 Largu'
582 2237 657 2297 citat
677 2235 739 2296 late
761 2237 895 2297 sitientia
917 2237 1014 2297 saecla
1036 2237 1182 2296 ferarum:

237 2387 331 2452 quem
353 2366 554 2452 admodum,
578 2368 604 2432 si
627 2389 706 2451 opus
729 2372 778 2433 est
799 2369 963 2453 exemplis,
985 2376 1091 2448 larqus
1111 2375 1221 2448 liquidi
1236 2373 1311 2447 sons
1331 2375 1376 2434 lu·

237 2485 325 2542 minis
347 2479 449 2542 eidem
471 2477 618 2543 Lucretio
645 2479 749 2542 dictus
777 2483 826 2543 est
854 2479 993 2544 eiusdem
1020 2479 1095 2544 libri
1117 2502 1146 2544 v.
1170 2479 1250 2563 281,
1279 2487 1377 2558 turpis

239 2595 360 2654 avidum
390 2610 475 2653 mure
494 2595 627 2670 fluminis
654 2594 743 2654 audis
764 2597 921 2672 intepranr
947 2597 1044 2655 amnis
1069 2588 1101 2673 Ι,
1133 2590 1230 2674 1031,
1265 2611 1375 2670 uquam

239 2704 337 2779 turpis
358 2705 500 2765 imbribus
522 2721 636 2779 cruperis
656 2706 806 2765 montibus
825 2722 866 2766 ex
886 2705 957 2766 aitis
971 2722 1100 2780 mopsus
1118 2707 1262 2766 decursus
1283 2710 1378 2781 aquai

237 2807 264 2892 Ι,
287 2809 367 2892 282,
396 2811 474 2874 item
500 2815 586 2890 larci
610 2815 738 2876 haustus
759 2815 951 2889 defectibus
972 2817 1091 2892 mannis
1119 2834 1150 2876 v.
1173 2812 1251 2896 412,
1281 2815 1376 2897 atque

211 2989 213 2996 ,
243 2919 277 2983 in
305 2919 401 2984 simili
429 2919 612 2985 sitientibus
646 2921 853 2986 esurientium
885 2922 1042 3007 pecudum
1075 2921 1260 2986 condicione
1282 2930 1375 3001 torpa
1394 2931 1433 2981 xu

237 3051 291 3095 suo
313 3037 377 3095 sine
392 3036 511 3111 pabala
528 3043 626 3111 porta
647 3038 751 3097 labore
772 3031 814 3116 V,
837 3032 909 3098 869.
945 3029 1195 3119 ⁸[adsentientes
1218 3032 1282 3098 vidi
1305 3055 1376 3096 cum

237 3139 297 3204 Ed.
323 3139 553 3206 Goebelium
575 3140 720 3217 ‘Quaest
736 3142 829 3207 Lucr.
847 3143 931 3208 crit.'
955 3142 1018 3228 (ed.
1035 3141 1214 3232 Salisburgi
1234 3165 1263 3207 a.
1281 3143 1376 3226 1857)

237 3272 269 3334 p.
293 3251 335 3316 26
357 3255 426 3315 tum
447 3251 533 3317 Frid.
557 3252 727 3317 Polliam
749 3254 783 3318 in
806 3253 897 3318 valde
919 3253 1079 3338 probabili
1107 3253 1375 3338 commentatione

238 3361 295 3424 ‘de
326 3363 404 3426 artis
431 3363 594 3427 vocabulis
622 3365 809 3448 quibusdam
837 3364 1055 3428 Lucretianis'
1084 3364 1145 3446 (ed.
1174 3363 1315 3428 Dresdae
1344 3385 1373 3427 a.

241 3471 334 3557 1866)
356 3495 388 3557 p.
412 3472 476 3562 42]
