3276 5082
257 348 319 413 232
601 359 823 409 ouosssruvu
846 359 1060 407 resvrruvu.

218 533 242 582 vt
262 541 349 583 mam
371 517 440 580 sine
464 515 659 599 antiquitate
682 515 877 578 ubertatem:
913 514 962 577 cui
984 514 1121 579 multum
1144 519 1305 600 praestare
1328 541 1400 582 eon-

258 630 401 694 iunctam
435 645 505 691 curn
529 625 721 709 antiquitate
744 624 933 688 brevitatem
956 647 1112 690 summam
1135 648 1172 690 eo
1194 607 1277 710 quod
1299 628 1401 692 solum

258 741 323 804 iam
355 739 458 802 restat
491 735 635 820 exemplo
669 734 878 818 intellegetis.
934 733 1041 819 Atque
1064 737 1130 800 eius
1152 737 1280 822 quidem
1302 738 1401 822 ipsius

260 871 372 915 caussa
393 847 474 912 haec
495 846 603 910 omnia
625 845 831 930 prolusimus,
854 865 935 929 quae
958 845 1037 910 satis
1059 847 1270 931 perspicimus
1294 871 1401 913 verum

259 983 351 1025 usum
373 981 439 1023 non
462 957 595 1040 habere3
628 955 821 1040 prolusimus
844 957 968 1037 alitem,
1003 956 1093 1041 quia,
1117 957 1192 1041 quid
1214 959 1344 1023 tandem
1366 961 1401 1024 in

261 1072 322 1135 hoc
337 1091 455 1155 gauere
477 1069 647 1152 ἐξηγητικῷ
671 1066 768 1131 etiam
791 1087 878 1130 nuuc
901 1065 1064 1130 conditum
1086 1067 1120 1131 in
1136 1067 1401 1142 bibliothecarum

262 1180 394 1245 latebris
427 1180 568 1243 exstaret
590 1175 830 1242 sciscitantibus
852 1176 913 1242 hoc
935 1176 1042 1242 deberi
1065 1177 1247 1262 videbatur,
1280 1183 1316 1243 ut
1338 1202 1402 1246 uuo

264 1373 465 1382 -...-.—--—

266 1489 423 1546 Romanum
447 1487 560 1544 stabant
577 1493 688 1543 aurate.
718 1515 751 1524 -
787 1484 880 1542 Varro
903 1485 938 1540 L⁰
964 1487 1059 1544 ultimo
1083 1486 1190 1544 Rerum
1212 1489 1403 1545 humanarum

263 1585 482 1649 diuinarumque
501 1584 541 1637 ait
552 1580 635 1636 ¹Deos
654 1578 778 1636 Selectos
796 1595 860 1636 esse
879 1579 981 1635 laniem
997 1579 1095 1636 Iouem
1108 1581 1265 1637 Saturnum
1285 1583 1403 1638 Genium

264 1676 441 1732 Mercurium
468 1674 625 1742 Apollinem
650 1673 774 1728 Martem
804 1673 961 1729 Vulcnrmm
987 1674 1148 1741 Neptunum
1172 1675 1264 1730 Solem
1284 1675 1403 1732 Orcum:

265 1769 398 1825 Liberum
415 1775 526 1836 patrem
547 1767 687 1823 Tellurem
707 1766 838 1822 Cererem
862 1766 1000 1823 Iunonem
1018 1767 1129 1823 tunam
1153 1767 1276 1824 Dianam
1295 1767 1403 1824 Miner·

266 1880 329 1918 uam
355 1861 491 1918 Venerem
511 1861 637 1916 l'estam:
656 1860 692 1915 In
710 1860 811 1928 quibus
829 1860 959 1916 omnibus
977 1859 1039 1914 XX
1052 1861 1199 1917 duodecim
1218 1878 1313 1918 mares
1330 1869 1404 1918 octo·

264 1971 318 2024 aue
334 1956 441 2024 semine
459 1961 528 2010 sarit
546 1953 637 2021 Hique
656 1952 753 2009 selecti
770 1954 811 2009 dii
828 1953 1004 2009 dicebantur.
1029 1983 1061 1990 -
1084 1953 1239 2010 Duodecim
1262 1956 1304 2011 dii
1320 1963 1404 2012 erant

266 2049 376 2117 Iupiter
395 2047 468 2104 Iuno
488 2048 636 2114 Neptunus
654 2045 789 2102 Minerua
807 2044 890 2102 Mars
916 2047 1010 2103 Venus
1028 2047 1127 2114 Apollo
1144 2047 1239 2103 Diana
1259 2048 1404 2105 Vulcanus

272 2142 357 2198 Vesta
374 2141 542 2198 Mercurius
562 2139 647 2196 Ceres
669 2140 768 2208 trisque
786 2139 884 2195 Plauti
906 2145 998 2196 aetate
1021 2140 1149 2208 Populus
1170 2141 1204 2197 a.
1222 2149 1287 2208 post
1303 2159 1403 2209 accep·

265 2242 322 2290 tam
339 2235 448 2291 cladem
466 2235 505 2288 ad
521 2233 627 2289 Lacum
648 2233 845 2290 Trasimenum
869 2249 1019 2300 casumque
1037 2235 1195 2290 exercitum
1214 2251 1277 2291 cerm
1296 2236 1405 2290 Fluent-

266 2331 313 2384 m'o
331 2329 402 2384 duce
420 2334 552 2384 curatum
569 2328 773 2384 lectisternium
791 2333 817 2382 et
831 2344 885 2395 per
902 2327 1037 2382 Triduum
1049 2327 1174 2382 habitum
1192 2334 1219 2383 et
1235 2329 1404 2396 palatinariu

266 2426 296 2479 in
314 2427 466 2489 conspectu
483 2421 568 2488 suere
590 2420 834 2489 supplicatumque
857 2437 920 2476 cum
947 2421 1113 2488 comunibus
1135 2427 1162 2476 et
1179 2421 1277 2478 tiberis
1296 2439 1352 2477 eran
1370 2423 1404 2478 ab

268 2515 378 2572 urbana
398 2514 576 2571 multitudine
594 2519 702 2570 tnntnm
720 2516 772 2570 sed
793 2520 819 2569 et
838 2517 947 2580 apresti
963 2530 1033 2582 qnos
1051 2517 1081 2569 in
1099 2514 1194 2582 aliqua
1212 2531 1266 2572 sna
1283 2515 1404 2583 fortuna

266 2608 378 2676 publica
397 2624 504 2676 aucerre
522 2607 716 2675 coniunqetat.
738 2635 766 2643 -
791 2605 868 2660 Haec
885 2605 1118 2672 quemadmodum
1137 2623 1171 2660 ex
1188 2605 1293 2671 Nonio,
1312 2605 1405 2661 Chari·

268 2700 317 2766 sio,
335 2699 491 2766 Prisciano,
508 2699 648 2766 Varrone,
666 2697 837 2767 Augustino,
859 2697 936 2752 Livio
960 2700 1094 2766 congesta
1112 2699 1187 2766 sunt,
1205 2699 1246 2754 ita
1265 2716 1336 2768 quae
1355 2717 1406 2770 per

267 2792 407 2863 proximas
425 2791 634 2863 Amphitruonis
657 2792 774 2862 paginas
792 2808 889 2861 sparsa
906 2793 970 2846 sunt
987 2792 1153 2860 testimonia,
1177 2793 1213 2846 ad
1229 2792 1404 2860 Pausaniam,

268 2886 444 2952 Strabonem,
462 2887 649 2952 Aristotelem,
667 2885 700 2940 D.
714 2884 913 2954 Hieronymum
932 2884 968 2952 (in
987 2885 1117 2954 Esaiam),
1135 2885 1305 2952 Suetonium,
1324 2887 1404 2942 Colu-

268 2980 391 3048 mellam,
413 2979 580 3046 Vitruvium,
608 2979 689 3034 Plinii
711 2979 744 3033 N.
763 2979 807 3046 H,
831 2978 970 3032 Donatum
993 2978 1118 3046 aliosque
1141 2981 1270 3049 spectant
1290 2996 1405 3034 numero

267 3071 409 3142 plurimos.
442 3103 473 3112 —
503 3072 594 3127 Vnum
620 3072 650 3125 in
672 3073 753 3126 tanta
775 3070 949 3125 multitudine
968 3069 1101 3124 scholium
1125 3071 1304 3140 offendimus,
1331 3067 1406 3142 quod

232 3217 237 3227 ,
268 3166 341 3220 unde
359 3167 473 3220 ductum
491 3165 527 3220 sit
544 3166 679 3236 indagare
697 3182 752 3220 uon
770 3163 952 3234 potuerimus,
970 3163 1142 3234 adscriptum
1160 3165 1259 3220 Bacch.
1279 3166 1299 3232 1,
1321 3173 1341 3232 l,
1360 3171 1411 3221 36.-

269 3259 424 3317 Cestrum
443 3268 507 3318 crat
524 3261 576 3317 tcle
593 3276 684 3327 pentes
702 3260 772 3316 bello
788 3261 902 3327 persico
921 3261 1075 3315 irretentnm.
1115 3257 1213 3316 Celsus
1231 3261 1319 3316 libros
1338 3277 1406 3316 suns

268 3373 286 3408 a
311 3356 450 3410 uarietate
473 3369 571 3409 rerum
598 3359 714 3409 cestos
739 3355 860 3408 uocarn't.
906 3349 986 3419 [Vide
1013 3350 1216 3419 praefationem
1237 3351 1406 3406 Bacchidum

269 3447 305 3506 (a.
328 3444 597 3514 lstsip.V1adn.]
628 3475 660 3483 -
689 3443 733 3498 Ad
755 3443 923 3498 Bacchidem
944 3442 1054 3497 initium
1077 3443 1111 3498 de
1133 3443 1250 3498 luscinia
1268 3461 1407 3514 exponens

269 3537 359 3606 deque
377 3538 438 3592 loco
456 3537 610 3607 perpetrati
629 3555 647 3591 a
664 3537 753 3591 'Pereo
772 3537 900 3590 facinoris
924 3535 1111 3604 discrepantia
1134 3539 1258 3592 veterum
1281 3539 1405 3592 testimo-

269 3631 316 3684 nia
338 3646 505 3701 componens
528 3631 612 3685 etiam
639 3647 705 3684 suae
728 3630 829 3684 aetatis
855 3629 1020 3699 scriptorem
1042 3628 1165 3684 novicius
1188 3629 1233 3684 ille
1257 3631 1407 3685 scholiasta

270 3727 470 3778 commemorat
487 3723 529 3777 his
547 3722 652 3777 verbis:
674 3725 812 3780 Domitius
830 3727 896 3780 dum
909 3723 1043 3780 Straboni
1055 3725 1248 3792 adstipulatur
1267 3729 1315 3792 qui
1332 3728 1406 3782 uidc-

270 3833 318 3883 tnr
336 3833 440 3882 taceare
462 3827 631 3894 Tucpdtalem
650 3827 787 3894 aliterque
805 3827 952 3893 lependum
970 3833 1066 3882 censet
1085 3829 1181 3882 nescio
1203 3821 1256 3896 q'iia
1285 3829 1324 3882 ad
1345 3831 1407 3884 eires

270 3922 385 3976 sen'sum
400 3921 493 3986 possit
512 3919 599 3975 uerba
618 3921 793 3987 detorquere.
813 3949 846 3955 —
869 3917 999 3972 Ceterum
1017 3917 1102 3972 etiam
1120 3917 1302 3987 discrepantis
1321 3917 1407 3988 scrip-

271 4015 351 4079 turae
368 4009 525 4064 notationes
543 4027 597 4064 non
614 4029 718 4081 paircas
741 4011 821 4066 huius
844 4009 946 4065 codicis
968 4011 1109 4080 margines
1131 4013 1239 4076 teuent,
1262 4011 1408 4082 adscriptis

271 4103 433 4174 plerumque
452 4103 494 4158 his
512 4104 603 4158 verbis
622 4109 651 4162 in
670 4107 726 4162 relic
744 4107 839 4164 codice
857 4104 901 4160 vel
919 4108 949 4161 in
968 4109 1082 4174 antiqno
1100 4107 1211 4162 codiee:
1229 4105 1302 4159 unde
1320 4123 1406 4175 appa·

272 4199 316 4252 rot
334 4197 403 4250 tluos
421 4196 565 4251 librarium
584 4197 692 4253 codices
710 4214 865 4267 usurpasse,
884 4214 1000 4264 quorum
1018 4197 1089 4252 alter
1106 4197 1305 4266 interpolatam
1317 4197 1409 4252 Plauti

273 4287 461 4343 recensionem
484 4290 639 4356 exhiberet,
667 4292 737 4346 alter
765 4292 800 4344 atr
827 4290 869 4344 his
895 4289 1156 4360 interpolationibus
1178 4290 1272 4361 paullo
1294 4290 1409 4346 liberior

273 4380 387 4452 propius
406 4383 552 4439 accederet
569 4385 605 4438 ad
623 4383 813 4438 Palatinarum
832 4382 1030 4454 integritatem.
