3264 5082
628 387 665 433 11.
694 385 888 434 anseisus.
1289 369 1332 434 35

191 539 342 624 theilung
356 539 508 602 Morelli’s
530 539 580 603 die
601 543 685 604 erate
700 538 814 603 Kunde
837 561 875 602 zu
898 538 1002 624 geben
1024 538 1166 622 glaubte,
1190 537 1241 602 die
1256 538 1333 602 aber

193 671 249 713 aus
272 649 441 714 derselben
463 649 573 725 Quelle
601 649 713 734 liingst
739 649 854 714 vorher
875 647 991 712 Harles
1018 648 1221 712 verzeichnet
1242 648 1332 712 hatte

189 760 223 823 in
246 759 309 824 den
333 759 495 846 Supplem.
523 760 565 824 ad
590 760 677 824 brev.
702 760 796 824 notit.
819 759 882 824 litt.
905 758 998 822 Rom.
1015 759 1047 822 ll
1069 782 1101 844 p.
1122 759 1196 825 483.
1235 759 1331 824 Denu

190 869 265 934 dass
288 869 375 934 diese
397 870 566 956 Ausgabe,
589 893 652 934 von
674 870 731 934 der
751 868 914 934 vielleicht
936 871 993 934 das
1015 869 1139 954 einzige
1160 869 1334 953 Exemplar
1353 883 1399 932 181

190 980 224 1044 in
247 979 398 1065 Venedig
419 981 514 1066 ubrig
535 982 593 1065 ist,
623 982 812 1046 erschiencn
834 980 904 1044 sein
926 980 1035 1064 sollte,
1065 980 1111 1044 'als
1134 1003 1210 1045 man
1232 980 1332 1044 sehon

191 1091 253 1155 ulle
275 1091 422 1176 awanzig
443 1089 562 1156 Str'iclre
584 1090 619 1154 in
641 1091 839 1176 gedruclrten
861 1089 1077 1173 Exemplaren
1099 1091 1223 1174 besass,
1248 1096 1332 1154 wiire

190 1223 298 1286 gegen
333 1201 394 1266 alle
421 1201 693 1286 typographische
721 1201 897 1285 Analogie3
924 1197 990 1264 uird
1019 1200 1172 1266 Vindelin
1200 1201 1333 1266 druclrte

190 1311 291 1376 sehon
313 1313 375 1376 seit
392 1312 473 1376 1469
495 1312 529 1374 in
545 1310 702 1397 Venedig.
739 1310 845 1376 Ueber
859 1310 1007 1376 Merula's
1023 1312 1221 1396 Ausgabe²⁰l
1246 1311 1331 1396 aber,

190 1423 242 1486 die
263 1420 468 1506 gewehnlich
489 1420 692 1486 schleehthin
715 1422 761 1485 als
777 1422 926 1506 princeps
946 1421 1135 1486 bezeichnet
1150 1419 1239 1506 wird,
1262 1411 1334 1508 gibt

191 1533 242 1596 die
264 1531 606 1597 dankenswerthesten
622 1531 832 1597 Aufschliisse
849 1531 900 1598 die
915 1531 1024 1596 bisher
1038 1554 1123 1617 ganz
1138 1531 1335 1596 unbeachtet

192 1642 382 1727 gebliebene
405 1641 556 1706 Vorrede.
601 1642 641 1706 In
667 1642 770 1707 dieser
797 1642 890 1728 magt
918 1665 952 1707 er
974 1647 1080 1707 zuerst
1104 1643 1181 1706 liber
1202 1641 1253 1706 die
1276 1664 1334 1706 un·

192 1754 362 1838 gemeinen
378 1751 674 1838 Schwieriglreiten,
698 1753 748 1816 die
770 1752 839 1816 sich
861 1753 933 1816 dem
949 1753 1254 1838 entgegenstellten,
1279 1751 1335 1816 der

192 1863 232 1926 da
255 1861 348 1926 wolle
376 1861 438 1926 den
460 1862 592 1927 Plautus
622 1869 869 1950 ‘recognoscere
898 1866 930 1928 et
953 1863 1127 1949 corrigere,
1160 1863 1256 1926 immo
1280 1862 1334 1926 ab·

192 1971 259 2037 dita
282 1978 315 2037 et
336 1972 481 2056 pluribus
496 1973 645 2058 ignoratn
661 1973 814 2057 apmim’,
838 1974 903 2038 und
918 1973 1008 2038 fehrt
1023 1973 1111 2038 daun
1126 1974 1206 2037 fort:
1232 1971 1335 2036 ‘Nam

191 2087 229 2146 ut
250 2083 290 2146 de
310 2087 383 2150 octo
397 2082 556 2168 prioribus
571 2087 706 2166 taceam,
730 2083 800 2169 quis
816 2082 981 2148 duodecim
998 2083 1183 2148 Comoedias
1198 2082 1334 2167 quadra-

192 2195 286 2278 ginta
308 2193 428 2258 abhinc
450 2195 545 2258 annis
566 2197 710 2278 repertas
726 2193 872 2258 lectionis
887 2196 957 2258 tum
972 2194 1122 2258 confusae
1137 2196 1206 2256 tum
1221 2193 1333 2276 falsae,

193 2302 359 2367 duodecim
374 2301 523 2368 Herculis
545 2305 707 2368 aerumnis
730 2305 814 2388 a'pud
835 2307 946 2388 poetas
968 2303 1170 2388 famigeratis
1186 2303 1254 2368 iure
1269 2325 1335 2368 uon

194 2413 452 2498 comparaverit?
485 2414 518 2478 in
549 2414 663 2498 quibus
693 2414 889 2499 corrigendis
916 2435 1046 2498 operam
1074 2417 1168 2498 etque
1196 2414 1336 2478 studium

193 2523 354 2588 insumere
376 2505 468 2608 velle,
493 2528 637 2588 monstra
659 2525 805 2610 persequi
821 2528 916 2609 atque
931 2525 1090 2588 debellare
1105 2523 1336 2609 quodammodo

193 2639 265 2698 est!
309 2634 350 2698 In
371 2633 427 2698 der
441 2634 724 2718 geschmaoklosen
739 2633 993 2719 Durchfdhrung
1008 2635 1112 2698 seines
1128 2633 1335 2720 Vergleiches

193 2744 316 2808 kdmmt
339 2742 426 2808 dann
448 2766 521 2809 vor:
550 2744 668 2809 ‘Porro
696 2767 767 2808 cum
795 2767 854 2810 uec
881 2749 1009 2810 tautum
1037 2744 1192 2810 dictiones
1220 2746 1335 2810 exami-

194 2854 336 2938 nandae,
366 2855 422 2918 sed
443 2854 607 2920 litterae
636 2859 751 2940 atque
774 2855 956 2940 syllabae
985 2855 1248 2942 pensitandae
1269 2856 1335 2920 fue·

195 2965 261 3028 rint
283 2969 379 3049 atquc
402 2965 652 3048 enumerandae,
682 2969 719 3029 ut
741 2987 784 3030 ex
808 2988 939 3030 earum
961 2967 1095 3050 positu
1117 2965 1178 3030 vel
1200 2965 1336 3050 figura

195 3074 349 3159 aliquid
372 3074 432 3139 vel
454 3097 586 3140 verum
608 3077 669 3141 vel
692 3097 784 3141 vero
802 3077 1017 3161 proximum
1038 3097 1335 3160 aucuparemur,

195 3207 257 3268 quo
272 3183 471 3270 deprehenso
486 3187 627 3270 undique
643 3187 744 3250 multa
760 3191 965 3270 erumperent
980 3186 1029 3250 vel
1045 3186 1148 3271 magis
1164 3185 1336 3270 aperienda

185 3295 245 3360 ¹vel
265 3296 362 3380 pla-ne
386 3297 600 3360 confutanda’
625 3320 654 3360 u.
672 3319 697 3361 s.
714 3320 753 3364 w.
791 3297 852 3361 Die
868 3295 1070 3380 Hauptstelle
1086 3297 1163 3360 aber
1176 3296 1220 3360 ist
1234 3297 1336 3360 diese:

196 3403 273 3468 ‘His
295 3405 444 3469 omnibus
467 3407 590 3470 accedit
612 3429 711 3472 unum
733 3411 862 3472 tardum
885 3407 982 3470 fuisse
1004 3406 1137 3490 librum,
1163 3429 1181 3470 a
1203 3428 1264 3490 quo
1286 3429 1337 3471 vc·

195 3515 245 3579 lut
267 3516 441 3600 archetypo
470 3518 578 3584 omnia
609 3517 745 3582 deducta
773 3521 849 3582 sunt
876 3539 957 3601 quoe
985 3515 1145 3580 habentur
1173 3517 1337 3601 exempla,

196 3627 249 3711 qui
271 3628 299 3691 si
321 3629 356 3691 in
378 3649 492 3692 manus
515 3631 641 3692 nostras
665 3627 772 3712 aliqua
795 3629 847 3692 via
868 3627 978 3691 venire
1000 3626 1173 3712 potuisset,
1202 3625 1337 3690 Bacchi-

196 3738 266 3818 des,
299 3737 501 3820 Mustelaria,
531 3737 752 3820 Menaechini,
777 3737 869 3801 Miles
893 3741 987 3822 atque
1009 3737 1169 3801 Mercator
1191 3737 1337 3801 emendu-

196 3849 292 3911 tiores
314 3869 393 3911 sane
416 3847 621 3912 haberentur.
658 3847 795 3932 Nanque
818 3848 853 3911 in
876 3847 925 3910 his
948 3847 1213 3932 recognoscendis
1237 3846 1336 3910 libros

200 4029 264 4036 ...m-n.

264 4141 307 4204 20)
334 4133 428 4204 Vellig
454 4153 503 4190 aus
530 4133 578 4190 der
601 4136 666 4190 Luft
692 4134 829 4206 gegriffen
856 4135 993 4190 erscheint
1015 4135 1060 4190 die
1083 4134 1270 4204 Behauptung
1294 4134 1337 4190 bei

198 4225 338 4284 Fabricius
356 4228 428 4282 Bibl.
447 4227 496 4282 lat.
517 4230 573 4299 lp.
596 4237 626 4284 15
643 4230 718 4296 Exn,
747 4229 797 4284 dus
815 4229 854 4284 sie
873 4249 923 4284 aus
941 4231 1030 4284 ciuem
1049 4229 1222 4284 Florentiner
1239 4229 1336 4282 Manu·

198 4323 282 4392 script
305 4321 481 4392 obgedruclrt
502 4323 550 4376 sei.
588 4322 789 4391 [Vermuthlich
817 4323 861 4377 ein
884 4323 1137 4388 Misverstenduiss,
1164 4322 1215 4376 aul
1238 4321 1337 4376 dessen

198 4415 460 4470 wahmcheinlichen
480 4417 579 4470 Anlass
597 4416 706 4485 Proleg.
726 4437 752 4486 p.
774 4417 859 4472 XLVI
877 4415 1065 4485 hingawiesen
1083 4415 1215 4482 worden]

1103 4502 1147 4568 3*
