3300 5102
591 361 812 410 onossamvn
834 363 1047 410 1111111111.
1329 345 1392 411 259

251 516 340 578 Nunc
352 517 434 578 ao'bis
444 517 543 580 simitu
559 522 659 580 omnia
671 519 749 580 boec
760 519 955 581 exciderunt:
971 516 1025 580 ubi
1040 521 1124 582 nobis
1134 523 1304 580 commuuio
1315 521 1391 582 buce

251 623 334 688 libri.
368 622 471 712 [Adde
486 624 674 690 Buecheleri
689 626 724 690 in
739 627 822 692 Mus.
840 626 903 690 Rh.
916 626 977 691 XV
993 649 1025 710 p.
1038 627 1102 691 430
1117 626 1389 715 disputationem]

337 736 377 800 72
399 749 583 816 quotumo:
612 736 727 801 Pseud.
751 736 808 820 IV,
833 739 869 819 7,
893 739 933 802 77
957 738 1068 823 (1173)
1092 741 1231 817 quotcumo'
1252 745 1302 802 die
1329 736 1390 802 'Ec

251 850 451 912 Sicuoaelcuc
468 849 658 928 pervenisti?
678 848 764 912 inter
786 849 936 912 adverbia
959 848 1098 932 positum
1121 871 1139 912 a
1161 849 1391 934 glossographo

252 979 317 1021 non
345 957 450 1022 minus
478 957 591 1043 pingui
622 979 726 1024 errore
749 981 844 1044 quam
866 981 928 1043 quo
953 981 1049 1042 supra
1071 963 1091 1038 ξ
1113 959 1156 1024 45
1178 981 1270 1040 usqcoe
1292 965 1389 1025 mode.

338 1069 377 1132 73
399 1091 537 1134 rursus
560 1091 632 1134 eum
652 1071 738 1134 inter
759 1092 868 1134 versus
893 1071 974 1134 1173
997 1069 1128 1134 1111290
1142 1089 1209 1134 non
1231 1074 1334 1136 exstet
1356 1071 1391 1134 in

252 1179 425 1263 Pseudulo,
467 1181 505 1244 de
544 1180 661 1244 lacuna
694 1180 801 1264 aliqua
841 1180 908 1244 eius
944 1179 1074 1245 fabulae
1108 1181 1287 1264 suspicatus
1320 1203 1391 1245 sum

252 1291 353 1374 praef.
377 1315 409 1376 p.
433 1290 490 1356 XI.
535 1290 607 1355 Nisi
635 1291 673 1355 de
695 1291 831 1356 traiecta
852 1314 910 1375 per
932 1313 1070 1356 errorem
1093 1291 1200 1376 glossa
1223 1293 1390 1377 cogitabis,

253 1423 333 1487 quae
355 1404 505 1485 excerpta
527 1402 570 1465 sit
592 1423 609 1465 e
631 1423 723 1466 versu
746 1401 805 1484 ΙΙΙ,
830 1403 860 1486 2,
885 1402 926 1466 82
949 1402 1036 1485 (870)
1061 1407 1153 1478 Quem
1176 1401 1309 1486 (Peliam
1326 1403 1391 1466 Me-

253 1513 325 1594 dea)
348 1515 564 1577 mellicamcnto
586 1510 697 1576 etesiis
719 1519 839 1576 venenis
860 1514 974 1578 decitur
996 1515 1114 1578 Fecisse
1134 1535 1240 1579 rursus
1261 1516 1302 1578 e'x
1322 1535 1392 1578 senc

253 1626 526 1704 adulesce‘nlulum:
548 1623 603 1686 ubi
625 1644 732 1687 rursus
754 1645 836 1686 unus
859 1624 998 1688 servavit
1019 1624 1251 1688 Ambrosianus
1273 1645 1332 1707 pro
1354 1645 1390 1688 eo

253 1733 336 1817 quod
348 1733 383 1798 in
395 1733 560 1797 Palatinos
572 1733 710 1816 inrepsit
726 1755 857 1798 rursum.
882 1733 950 1798 Nec
963 1734 1048 1799 enim
1061 1735 1100 1798 de
1112 1733 1214 1798 nihilo
1236 1739 1286 1797 est
1308 1733 1390 1818 quod

253 1825 287 1908 in
309 1847 402 1909 tanta
424 1845 605 1928 frequentia
626 1863 747 1908 rursum
769 1845 830 1926 (vel
846 1867 974 1918 russum,
991 1845 1135 1928 russam)
1151 1845 1273 1909 formae
1288 1847 1391 1930 ipsam
1461 1901 1464 1908 .

252 1977 358 2020 rursus
380 1955 512 2040 dignam
534 1954 648 2018 habuit
669 1953 919 2040 glossographus
940 1977 1035 2040 quam
1051 1960 1235 2038 excerperet
1249 1956 1390 2020 omnino.

254 2064 338 2129 Nem
369 2070 496 2149 praeter
526 2064 618 2128 illum
639 2063 789 2128 Pseuduli
820 2087 945 2130 versum
976 2089 1075 2130 unum
1107 2071 1295 2149 tontum**)
1324 2067 1392 2130 eius

254 2177 375 2240 formae
408 2181 482 2240 ante
521 2176 664 2239 vocalem
700 2175 858 2240 admissae
897 2177 1076 2261 exemplum
1110 2199 1240 2262 prorsus
1269 2180 1391 2241 certum

254 2307 311 2370 per
332 2285 498 2351 Plautinas
530 2285 657 2350 fabulas
690 2285 807 2370 viginti
842 2289 960 2352 exstat:
1010 2286 1127 2351 Persae
1149 2287 1165 2352 Ι
1173 2338 1181 2370 ,
1205 2288 1236 2370 2,
1262 2287 1301 2351 19
1324 2289 1390 2370 (71)

257 2399 414 2461 Tantidem
431 2403 483 2461 ille
497 2403 545 2461 ita·
558 2398 664 2461 rursus
687 2400 792 2461 iniciat
813 2416 951 2464 manum:
976 2399 1064 2463 cuius
1087 2419 1197 2462 versus
1220 2397 1389 2481 scriptura,

255 2507 432 2571 communis
465 2529 503 2572 ea
535 2506 688 2572 librorum
720 2507 872 2588 omnium,
906 2530 972 2572 non
1006 2508 1096 2572 video
1129 2509 1246 2592 quibus
1269 2508 1392 2572 artibus

254 2617 419 2682 sollicitari
442 2617 552 2702 possit.
586 2655 629 2667 -
662 2619 749 2682 Ante
783 2623 1012 2683 consonantem
1046 2623 1153 2682 autem
1187 2641 1259 2683 curn
1286 2640 1393 2684 rursus

254 2728 357 2792 forma
389 2728 424 2793 in
456 2729 534 2812 ipsis
567 2728 657 2793 libris
691 2729 734 2792 sit
765 2729 944 2814 rarissima,
968 2733 1035 2792 tum
1058 2728 1168 2794 nescio
1190 2751 1233 2792 an
1255 2751 1274 2792 a
1297 2733 1391 2813 poeta

254 2859 382 2922 prorsus
415 2839 458 2902 sit
490 2838 713 2910 abiudicanda.
769 2838 859 2914 Quod
892 2843 928 2903 ut
949 2840 1101 2923 suspicer,
1125 2839 1264 2923 primum
1286 2840 1392 2903 multi-

320 2993 346 3061 *)
364 2991 405 3046 De
424 2992 477 3046 hac
493 2989 691 3060 pronuntiandi
709 2991 903 3059 scribendique
920 2991 1067 3058 varietate,
1086 3007 1156 3059 quae
1175 2991 1260 3045 etiam
1279 2991 1315 3045 ad
1332 2992 1393 3046 alfi-

254 3083 301 3140 uia
323 3087 417 3140 cetera
438 3083 562 3155 pertinet
583 3083 646 3152 (nisi
669 3084 744 3152 quod
765 3086 860 3139 tamen
884 3103 969 3143 ocsus
992 3103 1088 3142 vesum
1110 3085 1234 3142 advoscs
1258 3087 1394 3142 advosum

255 3195 317 3232 eum
334 3177 470 3247 parilibus
487 3195 625 3246 nusquam
648 3177 781 3248 scriptum
798 3177 879 3246 vidi),
898 3177 1002 3232 dietum
1020 3185 1063 3232 est
1080 3177 1189 3246 Proleg.
1208 3194 1235 3246 p.
1255 3175 1323 3242 CIV,
1345 3178 1395 3232 ubi

254 3271 444 3327 Plautinorum
461 3271 596 3326 librorum
618 3272 746 3342 exempla
764 3272 905 3341 composui
923 3271 1028 3326 omnia:
1052 3287 1107 3340 quo
1125 3270 1197 3324 adde
1215 3270 1285 3324 Mus.
1304 3270 1392 3326 Rhea.

254 3364 318 3419 Vlll
336 3384 364 3435 p.
385 3371 432 3421 156
451 3365 513 3420 adn.
550 3364 658 3434 Tetigit
674 3365 751 3420 illam
770 3363 855 3420 etiam
872 3365 1065 3420 Lachmannus
1081 3363 1110 3418 iu
1127 3364 1206 3418 Lucr.
1226 3383 1254 3435 p.
1268 3368 1325 3418 144.

321 3460 362 3527 111)
380 3459 453 3513 Nam
470 3458 680 3529 Amphitruonis
698 3475 793 3513 versus
811 3459 845 3524 Il,
863 3464 887 3524 2,
907 3463 955 3513 165
974 3459 1045 3527 (797)
1064 3457 1117 3512 etsi
1134 3457 1173 3512 sic
1191 3474 1256 3512 sane
1274 3456 1394 3527 scriptus

255 3553 296 3606 est
312 3551 341 3606 in
359 3551 495 3606 Vaticano
507 3550 654 3606 Vrsiniano
668 3553 743 3611 Huic
761 3555 874 3620 dedisti,
890 3553 1012 3622 posthac
1024 3570 1130 3610 rursus
1147 3553 1304 3620 obsianusti
1314 3551 1393 3608 clua-

254 3647 359 3714 culum,
378 3647 482 3713 tamen,
501 3663 563 3700 cum
574 3645 661 3700 Vetus
680 3657 797 3704 rursum
808 3645 911 3713 teneat,
930 3645 1052 3700 dubitari
1063 3643 1108 3699 vix
1122 3645 1217 3715 potest
1235 3645 1301 3714 quin
1318 3645 1394 3698 recte

255 3758 373 3798 rursum
400 3738 584 3809 obszbacuisli
609 3739 771 3797 clanculum
799 3740 954 3794 correctum
980 3739 1024 3792 sit.
1065 3739 1096 3792 111
1119 3737 1277 3792 Aululariae
1300 3739 1393 3792 autem
1474 3733 1479 3748 '

254 3833 301 3901 IV,
318 3839 347 3900 4,
366 3839 398 3886 22
422 3835 495 3891 17όυί
515 3833 737 3903 sucophantas.-
766 3851 817 3902 αμα
840 3836 958 3891 rursum
979 3835 1095 3891 ostende
1120 3833 1177 3888 huc
1205 3849 1317 3888 monum
1345 3830 1395 3898 (sic

255 3927 328 3982 enim
345 3925 420 3995 libri)
447 3943 513 3982 cave
531 3943 565 3980 ne
584 3926 618 3980 de
636 3925 828 3981 substituendo
851 3943 957 3985 rursus
984 3924 1103 3995 cogites:
1133 3924 1245 3994 quando
1270 3923 1407 3993 ipsorum.

255 4019 389 4076 librorum
407 4036 460 4090 ope
478 4024 597 4078 rursum
615 4022 731 4078 ostende
748 4022 805 4078 lucc
822 4021 973 4078 dexterum
990 4020 1034 4074 sat
1046 4021 1124 4074 certa
1135 4017 1222 4072 Bririi
1234 4017 1394 4071 coniectura

255 4113 406 4184 repositum
425 4115 473 4168 est.
486 4142 521 4152 —
532 4113 574 4167 Ex
592 4112 632 4168 eis
650 4113 751 4179 autem,
770 4129 840 4181 quae
853 4131 937 4184 supra
953 4113 1046 4182 posita
1063 4113 1134 4179 sunt,
1151 4110 1292 4180 intellegis
1309 4127 1394 4180 quam

255 4209 330 4263 reete
354 4226 460 4266 rursus
481 4208 600 4261 somnam
622 4205 735 4276 Lingius
758 4206 792 4261 de
814 4205 892 4262 hiatu
915 4225 942 4276 p.
962 4212 993 4260 41
1017 4204 1176 4260 Plautinum
1199 4221 1258 4259 esse
1282 4203 1393 4273 omuino

255 4300 411 4372 negaverit:
430 4301 506 4371 quod
524 4301 550 4356 ei
567 4301 682 4355 credens
698 4299 836 4369 Reisigius
848 4299 938 4354 Schol.
953 4317 1071 4370 gramm.
1089 4318 1117 4370 p.
1132 4305 1179 4353 211
1199 4297 1284 4353 etiam
1302 4297 1393 4353 incon·

256 4394 351 4450 sultius
365 4413 491 4466 prorsus
508 4395 607 4450 Plauto
625 4393 807 4449 recentiorem
827 4391 904 4450 dixit.

1137 4482 1202 4550 ll*
