3302 5096
279 323 343 388 430
636 347 853 410 vnsrnoqua
875 349 1062 400 servanus.

280 515 387 558 versus
415 496 545 562 initium
572 500 708 565 traiecta
736 501 822 568 hunc
848 504 953 588 ipsum
974 506 1028 570 vix
1050 507 1124 571 ullis
1146 506 1304 573 machinis
1327 531 1418 594 expe-

279 605 358 689 dias,
381 607 436 690 qui
458 630 546 674 nuno
569 632 603 674 se
623 608 723 676 habet
744 615 976 702 rectissime*):

363 747 404 806 Et
418 750 451 808 si
473 749 533 809 alia
554 751 612 812 huc
634 773 723 813 causa
745 755 783 814 ad
805 760 836 814 te
858 756 975 832 adveni,
999 777 1127 835 aequom
1149 759 1295 836 pdstulas.

277 878 347 943 Nec
368 879 483 944 mirum
505 881 570 946 iam
591 881 741 948 Plautina
764 887 869 950 aetate
893 889 1038 953 contrahi
1062 911 1131 954 eam
1146 913 1256 956 vocem
1272 897 1417 978 coeptam

278 1011 357 1074 esse,
374 1012 470 1074 quam
485 1015 552 1058 non
567 993 630 1058 nisi
646 999 845 1061 contractam
857 997 1025 1064 Terentius
1040 1000 1140 1084 novit,
1157 1004 1209 1066 ter
1222 1001 1277 1067 ille
1292 1011 1418 1084 sapore

277 1101 374 1164 verbo
388 1124 475 1186 usus„
492 1104 618 1170 sexiens
633 1107 817 1190 composito.
841 1108 985 1194 Itemque
1000 1113 1076 1176 ante
1091 1111 1277 1177 Terentium
1289 1111 1416 1179 Ennius

276 1210 311 1274 in
326 1211 497 1298 Iphigenia
522 1215 564 1303 [v.
583 1215 642 1280 193
658 1214 698 1281 R.
714 1217 778 1281 264
790 1218 861 1308 V.]:
884 1224 1042 1287 Mc'nelum
1060 1243 1107 1286 me
1121 1225 1276 1303 obiurqut:
1298 1231 1332 1290 id
1345 1233 1417 1291 meis

276 1323 366 1388 rebus
387 1331 520 1404 repimea
542 1329 673 1392 re'stitat.
705 1327 751 1394 Vt
772 1329 855 1394 nihil
877 1321 988 1396 dicam
1004 1333 1042 1396 de
1058 1332 1215 1416 dactylico
1239 1335 1416 1400 carminum

277 1455 410 1520 genere,
440 1435 480 1499 ad
507 1437 591 1521 quod
613 1437 769 1505 Varronis
791 1441 827 1505 in
853 1443 955 1510 Ὄνου
980 1445 1062 1528 λύρᾳ
1084 1442 1139 1508 illa
1166 1444 1251 1529 apud
1273 1445 1415 1511 Nonium

275 1565 308 1627 p.
335 1545 394 1610 182
417 1550 449 1610 et
469 1547 534 1613 230
554 1549 729 1636 pertinent,
753 1551 874 1616 duobus
896 1551 1090 1618 hexametris
1112 1554 1230 1620 talibus
1252 1556 1320 1620 fere
1342 1578 1416 1621 oon-

277 1655 448 1722 cludenda:

402 1800 525 1878 Iurgare
548 1805 666 1879 occepit
688 1804 804 1864 dicens:
828 1825 904 1882 quae
926 1813 984 1865 iam
1007 1806 1101 1866 facis?
1124 1817 1151 1866 et
1173 1829 1247 1884 quor

402 1885 439 1944 In
460 1886 585 1964 volgum
607 1890 712 1967 volgas
735 1893 889 1966 artemque
912 1893 1061 1968 expromis
1084 1891 1281 1972 inertem?**)

362 2032 530 2098 Simillima
551 2035 634 2100 ratio
657 2040 689 2101 et
712 2038 856 2102 condicio
878 2041 928 2102 est
946 2059 1123 2118 purpure
1144 2040 1232 2105 verbi
1255 2062 1327 2105 oum
1349 2043 1414 2106 suis

277 2145 459 2228 compositis
487 2149 519 2209 et
541 2145 702 2211 derivatis.
748 2147 817 2212 Nisi
845 2148 927 2233 quod
957 2150 990 2212 et
1015 2153 1160 2214 servatae
1182 2157 1195 2214 i
1214 2151 1340 2216 fitterae
1363 2169 1414 2216 ex-

276 2254 424 2338 emplum,
448 2255 542 2340 quale
557 2278 574 2320 e
590 2255 744 2322 Varronis
766 2257 886 2322 Remm
900 2260 979 2322 rust.
1002 2257 1045 2342 Π,
1069 2260 1100 2343 4,
1127 2261 1166 2323 14
1187 2259 1413 2325 Lachmannns

275 2365 419 2450 protulit,
442 2365 477 2428 in
496 2363 587 2430 libris
602 2366 761 2432 Plautinis
783 2366 877 2432 hodie
899 2367 1023 2434 nullum
1043 2373 1199 2455 superest,
1223 2376 1256 2434 et
1278 2371 1413 2435 extritae

277 2557 477 2566 unna—.-

342 2647 367 2716 *)
390 2646 452 2702 Non
474 2651 549 2702 recte
572 2648 645 2702 enim
667 2647 740 2704 huno
757 2667 867 2706 versum
884 2647 1108 2706 Schneidewinua
1125 2648 1258 2706 tractavit
1275 2645 1412 2721 Philologi

275 2743 294 2795 t.
308 2741 369 2812 Vp.
383 2747 433 2798 376
445 2760 485 2812 sq.
511 2741 566 2796 Vbi
584 2743 823 2813 perversissimam
840 2743 934 2798 dicens
945 2743 1019 2800 hano
1030 2744 1210 2800 sententiam:
1230 2745 1293 2799 ‘bin
1304 2745 1350 2800 ioh
1362 2761 1412 2800 aus

274 2835 391 2890 auderet
415 2836 614 2908 reranlassung
635 2856 668 2892 au
690 2837 733 2892 dir
756 2839 936 2907 getremmon,
959 2855 990 2892 so
1013 2837 1049 2892 ist
1067 2838 1151 2893 doeh
1169 2837 1234 2894 dein
1251 2840 1411 2910 verlangcn,
1428 2903 1447 2928 x

274 2927 338 2982 dass
355 2929 401 2984 ich
418 2930 495 2986 tadel
511 2930 655 2998 verdiene,
673 2931 813 3002 gerecht’‚
836 2949 886 2987 suo
903 2932 963 2988 iure
981 2931 1081 2986 utitur:
1105 2950 1161 2988 non
1179 2931 1274 2998 utitur,
1293 2950 1355 2986 cum
1373 2933 1412 2987 sic

274 3023 306 3075 ut
323 3021 388 3078 fecit
406 3025 542 3079 convertit
559 3025 646 3080 verba
663 3025 730 3079 satis
747 3025 840 3095 plana.
864 3025 961 3093 Neque
979 3026 1053 3081 enim
1071 3025 1230 3080 concessiva
1247 3027 1291 3079 est
1308 3030 1335 3084 si
1350 3043 1412 3096 par-

274 3115 358 3170 ticula
375 3119 519 3186 tamquam
541 3137 592 3190 pro
611 3123 666 3178 etsi
681 3120 788 3189 posita,
813 3119 862 3174 sed
881 3119 1075 3175 condicionalis
1094 3117 1269 3190 simpliciter:
1299 3119 1338 3172 ‘si
1357 3119 1412 3173 alia

274 3209 373 3266 uisite
391 3211 558 3282 obiurgandi
576 3229 674 3268 caussa
691 3213 745 3266 huc
757 3211 865 3279 adveni,
884 3229 1002 3283 aequom
1020 3213 1161 3283 postulas’
1180 3213 1215 3281 (lx.
1230 3230 1253 3267 e.
1268 3210 1344 3267 ‘iure
1362 3214 1411 3266 tuo

275 3305 360 3359 uteris
368 3309 400 3374 ’):
419 3323 473 3374 quo
486 3305 515 3359 id
527 3306 625 3376 ipsum,
645 3305 720 3376 quod
738 3305 845 3377 expetit
863 3305 1096 3374 Schneidewinus,
1115 3305 1182 3362 dicit
1195 3305 1328 3372 Callicles,
1346 3322 1411 3360 non

274 3398 330 3454 alia
348 3417 378 3454 se
396 3415 494 3454 caussa
511 3399 661 3454 advenisse.
689 3399 874 3471 [‘Trinnmmi
891 3417 1002 3455 versum
1019 3405 1053 3454 96
1070 3417 1106 3454 ne
1123 3417 1196 3454 nuno
1213 3399 1326 3469 quidem
1344 3399 1411 3452 mihi

274 3493 428 3562 persuadeo
443 3493 480 3548 ad
497 3493 582 3548 talem
604 3493 726 3564 speciem
744 3495 930 3549 revocandum
949 3511 1018 3562 esse,
1036 3495 1147 3564 qualem
1166 3511 1227 3548 cum
1245 3491 1410 3546 Fritzschius

273 3585 302 3640 in
320 3587 462 3657 prooemio
480 3587 564 3642 schol.
583 3587 713 3644 Rostoch.
734 3587 843 3642 hibern.
863 3605 887 3642 a.
909 3595 974 3644 1849
991 3593 1048 3658 p.4
1065 3589 1125 3642 tum
1143 3585 1337 3641 Fleckeisenus
1355 3585 1411 3656 epi·

274 3681 362 3735 stulae
380 3681 415 3736 de
432 3682 487 3737 ret.
500 3681 575 3751 poet.
589 3681 637 3735 lat.
650 3684 750 3751 fragm.
764 3681 834 3736 Gell.
848 3701 874 3752 p.
887 3687 918 3735 21
932 3697 972 3750 sq.
992 3678 1241 3736 commendarunt‘
1266 3681 1306 3748 (E
1314 3682 1410 3750 praes.

273 3775 421 3844 Decadis.)
439 3805 471 3814 -
489 3774 617 3830 Ceterum
636 3775 670 3830 de
688 3777 741 3830 hoc
758 3775 826 3830 alibi
844 3775 946 3846 agendi
963 3775 1040 3830 locus
1057 3773 1132 3845 erit]

341 3869 381 3938 ¹³³)
402 3868 588 3940 [Seiungenda
606 3887 623 3924 a
640 3871 741 3941 poetae
759 3869 851 3924 verbis
870 3871 899 3924 et
915 3867 969 3940 ipsi
986 3867 1106 3924 Varroni
1124 3867 1274 3924 tribuenda
1292 3873 1409 3939 turpare

274 3967 365 4034 coepit
387 3965 485 4022 diceas
503 3981 566 4018 cum
583 3963 708 4018 Vahleno
727 3964 785 4019 visa
801 3964 866 4018 sunt
887 3963 917 4016 in
938 3960 1128 4017 Coniectaneis
1150 3961 1179 4016 in
1199 3961 1281 4018 Varr.
1300 3966 1409 4017 saturas

273 4075 300 4128 p.
321 4063 351 4111 12
371 4059 430 4112 tum
447 4057 567 4112 Luciano
585 4057 718 4113 Muellero
741 4057 775 4112 de
794 4074 823 4110 re
840 4056 957 4112 metrica
974 4074 1001 4127 p.
1019 4061 1065 4112 86:
1095 4073 1213 4125 quorum
1230 4055 1294 4110 huic
1316 4073 1410 4112 versus

275 4151 468 4220 anapaesticus
486 4150 550 4206 talia
568 4151 674 4222 placuit

342 4269 418 4334 Quae
436 4273 496 4338 scis,
515 4289 568 4342 age
580 4273 644 4340 quei
661 4271 690 4326 in
708 4271 822 4340 vnlgdm
839 4269 938 4340 vulgas
956 4271 1101 4338 artemque
1119 4268 1258 4340 expromis
1274 4268 1410 4324 inertem?

273 4389 302 4446 id
320 4389 395 4460 quod
414 4391 449 4444 ab
468 4390 509 4444 Al.
529 4391 621 4446 ltiesio
640 4393 796 4460 susceptum
816 4395 860 4444 est
877 4409 903 4460 p.
924 4393 992 4460 lea]
