3276 5082
542 325 765 374 cnosssnrvsr
787 323 1001 373 ruuvrmvn.
1278 307 1342 372 239

202 483 289 547 modi
327 503 415 546 error
449 481 477 544 si
513 483 655 566 serperet
687 479 832 564 longius,
871 477 1038 560 paullatim
1074 477 1180 561 potuit
1211 477 1245 540 in
1279 476 1342 541 XII

204 592 433 677 posterioribus
471 593 580 654 tantas
618 589 731 653 turbas
763 609 947 674 procreare,
990 590 1129 672 quantas
1162 609 1234 652 eum
1266 588 1342 651 ordo

203 702 251 767 IV
285 705 318 766 et
349 701 379 766 V
411 703 573 765 testantur
611 702 680 763 tum
718 699 824 782 ipsum
863 698 1054 782 glossarium
1092 701 1248 762 nostrum.
1302 698 1342 762 In

204 835 265 898 quo
288 813 371 897 quod
393 812 562 897 Epidicum
585 809 704 894 excipit
724 809 936 891 Menaechmi,
959 809 992 872 id
1014 809 1119 893 ipsum
1141 830 1342 893 nequaquam

204 923 381 988 solitarium
404 924 462 1006 est,
485 921 541 985 sed
563 919 708 1004 exempla
730 919 828 983 habet
849 919 947 982 trium
970 918 1114 983 codicum
1136 941 1250 984 novem
1271 923 1342 983 tan-

204 1037 273 1097 tum
295 1033 420 1096 fabulas
444 1031 725 1116 complectentium
747 1029 780 1092 h.
805 1051 832 1093 e.
856 1032 928 1092 octo
943 1029 1101 1113 prioribus
1116 1029 1342 1094 Menaechmus

205 1144 424 1230 iungentium:
459 1141 626 1206 Vrbinatis
647 1142 710 1206 655
731 1162 828 1225 supra
849 1140 914 1204 iam
938 1140 1186 1223 commemorati,
1211 1141 1342 1205 Ottobo-
1365 1146 1384 1194 x

206 1255 296 1318 niani
321 1255 400 1318 1697
425 1256 457 1317 et
471 1252 629 1317 Perusini.
646 1289 688 1299 -
709 1250 860 1334 Reliquas
883 1253 989 1315 autem
1011 1250 1148 1334 fabulas,
1172 1254 1344 1336 quaesunt

207 1365 343 1449 priores,
367 1367 502 1448 apparet
523 1365 574 1426 sat
595 1365 683 1426 recte
695 1361 739 1466 ,in
762 1362 872 1426 eodem
893 1361 949 1424 illo
971 1361 1127 1446 glossario
1150 1384 1217 1426 esse
1240 1361 1344 1446 dispo-

207 1476 300 1539 sitas:
337 1473 465 1559 quando
487 1471 681 1556 Amphitruo
709 1472 805 1535 simili
829 1494 921 1554 casu,
956 1474 1051 1554 atque
1072 1475 1108 1536 in
1130 1471 1344 1538 Ambrosiano

210 1584 328 1649 accidit
350 1587 383 1648 et
403 1583 563 1648 Vaticano
589 1583 685 1667 1633,
708 1581 814 1666 potuit
836 1605 855 1645 a
876 1581 1036 1666 principio
1058 1581 1181 1646 divulsa
1202 1582 1264 1666 ipsi
1286 1583 1343 1646 fini

207 1695 442 1760 adhaerescere.
477 1693 560 1757 Nam
584 1693 644 1757 etsi
666 1695 832 1777 praeterea
854 1693 889 1756 in
911 1692 981 1776 ipso
1003 1692 1096 1755 initio
1118 1691 1266 1777 glossarii
1289 1692 1345 1758 ali-

207 1806 283 1891 quid
305 1827 382 1870 sane
403 1804 568 1868 turbatum
591 1807 649 1886 est,
672 1806 781 1867 tamen
804 1803 836 1866 id
853 1802 893 1866 ad
907 1804 1052 1866 ordinem
1065 1799 1248 1867 fabularum
1263 1802 1346 1867 nihil

208 1918 358 2001 pertinet,
382 1915 436 1979 sed
460 1914 499 1977 ad
521 1914 700 1999 glossarum
722 1913 828 1996 potius
851 1917 884 1976 et
905 1912 1070 1977 nominum
1092 1917 1238 1977 mutuum
1260 1915 1346 1978 inter

208 2049 277 2091 sese
298 2026 453 2090 ordinem.
498 2026 645 2108 Apparet
666 2025 767 2106 enim,
800 2023 854 2109 qui
876 2023 956 2090 haee
978 2023 1128 2088 adverbia
1150 2028 1343 2108 excerperet,

208 2137 255 2201 ita
276 2157 343 2200 rem
364 2135 558 2217 instituisse,
589 2138 627 2198 ut
648 2134 726 2218 ipsis
749 2134 900 2218 exemplis
922 2134 1145 2217 praemitteret
1165 2135 1346 2199 fabularum

208 2247 355 2311 nomina:
393 2267 524 2330 eamque
557 2245 715 2310 rationem
737 2248 865 2329 praeter
886 2267 986 2309 unum
1007 2245 1136 2309 initium
1159 2249 1346 2310 constanter

209 2361 367 2422 servatam
397 2355 550 2422 videmus.
595 2354 659 2419 Hic
687 2356 774 2420 enim
796 2357 851 2419 aut
872 2355 942 2438 ipse
964 2358 1020 2419 aut
1042 2355 1157 2440 aliquis
1179 2357 1345 2439 postmodo

209 2467 358 2532 librarius
390 2467 532 2530 animum
558 2465 686 2530 induxit
707 2465 903 2530 contrarium
924 2465 1068 2530 ordinem
1091 2466 1196 2551 sequi,
1234 2467 1346 2540 sedin

210 2599 246 2641 eo
269 2577 401 2641 consilio
423 2598 489 2640 non
511 2575 684 2659 persistens
707 2576 819 2640 statim
834 2575 873 2638 ad
889 2574 1024 2639 alterum
1039 2575 1144 2640 rediit.
1178 2576 1348 2640 Pertinent

210 2687 295 2752 enim
312 2693 473 2768 paulisper
495 2693 643 2766 tantisper
664 2686 789 2772 glossae
811 2685 851 2749 ad
866 2685 1066 2750 Asinariam:
1088 2708 1280 2772 quamquam
1299 2687 1348 2751 in·

210 2798 356 2863 vertendi
378 2797 497 2861 ordinis
521 2795 688 2860 eonsilium
710 2796 788 2861 illud
811 2796 903 2860 simul
926 2794 987 2859 hoc
1009 2795 1130 2879 effecit,
1164 2800 1288 2862 utnon
1310 2818 1348 2861 eo

211 2911 263 2993 qui
284 2911 320 2974 in
342 2908 442 2993 ipsius
462 2908 592 2972 fabulae
615 2907 861 2971 continuitatem
884 2906 1035 2971 convenit
1055 2906 1165 2971 ordine
1181 2929 1250 2972 sese
1265 2908 1347 2972 exei-

210 3020 303 3104 piant
333 3025 493 3099 paulisper
514 3025 663 3099 tantisper
690 3023 855 3091 blanditer,
892 2999 973 3101 qsrae
995 3016 1042 3080 sic
1063 3016 1168 3101 potius
1191 3017 1348 3082 collocan-

211 3131 270 3194 dae
292 3132 400 3194 erant:
422 3134 572 3195 blanditer
594 3129 634 3214 (I,
651 3129 682 3213 3,
699 3129 767 3213 69),
791 3135 938 3208 tantisper
963 3127 1036 3212 (ΙΠ,
1053 3128 1084 3210 3,
1101 3127 1167 3214 96),
1189 3135 1348 3210 paulisper

212 3239 266 3326 (V,
290 3241 321 3322 2,
344 3239 410 3324 30).
454 3237 540 3304 Nam
562 3241 659 3303 etiam
680 3239 735 3324 qui
756 3237 885 3324 longius
906 3238 1008 3322 petita
1031 3237 1214 3302 coniectura
1233 3245 1348 3319 paulis·

207 3373 267 3432 per
288 3356 438 3430 tantisper
458 3371 551 3414 voces
573 3349 636 3414 huc
657 3349 830 3432 inrepsisse
852 3371 869 3412 e
891 3371 922 3413 v.
937 3351 958 3414 3
973 3349 1162 3433 suspicetur,
1186 3348 1241 3412 ubi
1256 3353 1348 3433 potu·

212 3461 296 3526 erint
318 3460 434 3525 allatae
457 3481 525 3524 esse
547 3457 804 3542 eBaechidibus,
827 3460 996 3524 rectiorem
1017 3459 1160 3523 ordinem
1182 3469 1249 3524 non
1268 3481 1348 3525 nan·

213 3573 366 3654 ciscatur,
401 3593 471 3635 cum
493 3571 527 3634 in
550 3569 612 3634 hac
633 3569 743 3634 fabula
763 3577 920 3651 paulisper
942 3569 1069 3654 legatur
1090 3568 1155 3653 111,
1184 3570 1220 3653 3,
1253 3571 1293 3634 12
1315 3574 1348 3635 et

213 3683 270 3766 82,
300 3688 448 3761 tantisper
469 3679 519 3764 II,
548 3681 583 3764 3,
616 3681 686 3745 106.
736 3679 808 3744 Nisi
830 3679 912 3744 forte
935 3679 975 3744 ad
988 3679 1197 3764 'deperditum
1218 3680 1347 3746 fabulae

171 3813 177 3831 ·
211 3792 338 3856 initium
359 3791 438 3855 illud
454 3797 615 3871 paulisper
635 3790 746 3854 itidem
769 3789 905 3873 referas,
939 3792 1062 3855 utnon
1084 3793 1191 3874 potest
1212 3812 1278 3854 non
1300 3792 1347 3855 in-

213 3902 317 3967 didem
340 3904 523 3986 excerptum
546 3923 614 3965 esse
636 3922 763 3966 noenum
782 3922 842 3980 pra
865 3923 938 3966 nan.
981 3899 1066 3965 Nam
1089 3899 1152 3964 hue
1167 3902 1203 3963 ut
1217 3902 1348 3965 tandem

213 4013 394 4095 deveniam,
428 4013 653 4096 antiquitatem
675 4010 818 4075 Plautini
840 4011 988 4096 glossarii
1011 4011 1147 4074 maxime
1169 4010 1230 4075 hoc
1251 4015 1348 4076 testa-

213 4127 280 4208 tur,
315 4122 397 4207 quod
430 4143 496 4186 non
528 4125 656 4185 tantum
677 4119 877 4186 Vidulariam
898 4122 984 4186 illius
1006 4121 1143 4206 scriptor
1163 4120 1259 4207 legit,
1293 4123 1348 4186 sed

213 4231 310 4294 etiam
331 4229 615 4317 Amphitruonem,
651 4231 828 4296 Bacchides
861 4233 947 4317 (cum
965 4229 1153 4314 Aulularia,
1188 4232 1249 4296 etsi
1273 4253 1348 4298 casu

212 4342 334 4408 factum
357 4342 394 4404 ut
415 4362 454 4406 ex
476 4343 543 4406 eius
565 4343 652 4406 exitu
673 4364 760 4407 nunc
782 4342 945 4427 deperdito
960 4342 1040 4407 nihil
1057 4344 1277 4428 expromptum
1292 4345 1348 4434 sit)
