3300 5102
288 349 352 413 418
597 369 644 415 us
665 367 881 418 saevuuuro
905 369 1123 420 nonosrrcuo

372 519 487 586 Restat
514 522 600 586 solus
627 527 758 608 quartus
788 545 911 608 versus,
941 524 976 589 in
1003 546 1065 609 quo
1092 525 1175 609 quod
1202 547 1290 590 nunc
1310 523 1429 609 legitur

287 639 336 698 illi
358 639 470 716 eidem,
500 631 638 698 editores
660 635 700 699 ad
722 657 821 700 uuum
850 657 960 699 omnes
988 635 1202 721 neglexerunt
1229 636 1288 700 soli
1315 633 1428 720 Pyladi

287 743 396 808 deberi
417 766 485 808 nec
499 744 534 808 in
555 745 620 809 ullo
643 746 750 810 codice
771 745 821 810 vel
848 745 1134 811 vetustissimarum
1162 745 1339 811 editionum
1364 745 1429 809 ulla

287 857 428 938 exstare,
456 855 491 919 in
519 855 633 939 quibus
660 855 787 922 inverso
815 857 927 921 ordine
953 859 1003 921 est
1024 863 1119 922 eidem
1141 863 1196 922 illi.
1240 855 1330 932 Quod
1352 855 1428 940 quid

287 985 355 1030 esse
382 965 525 1030 dieamus
553 988 609 1031 cur
637 989 703 1031 non
731 967 885 1032 ambabus
913 967 1059 1052 amplexa
1092 967 1135 1032 sit
1169 967 1337 1032 venustula
1365 967 1428 1032 ista

287 1075 480 1140 Vltimcrum
502 1075 837 1164 Paenultimorumque
865 1077 1000 1142 cohors?
1026 1079 1102 1164 quid
1125 1078 1211 1142 enim
1233 1078 1337 1162 magis
1359 1077 1428 1162 dig-

287 1210 365 1252 num
397 1187 556 1252 Plautinis
586 1187 709 1253 scilicet
743 1189 901 1272 versibus,
937 1210 1032 1274 quam
1069 1188 1286 1274 comptissima
1321 1187 1429 1253 hercle

286 1298 394 1363 hiatus
422 1299 543 1382 speeies
563 1297 643 1362 illa?
686 1298 748 1364 Sed
774 1303 809 1363 ut
838 1321 909 1364 cum
939 1300 1082 1366 escoron
1108 1299 1333 1384 potiusquam
1356 1321 1426 1364 eum

286 1410 414 1476 ἀδόξοις
442 1431 590 1495 agamus:
628 1410 687 1474 etsi
715 1409 887 1475 excusabili
916 1431 993 1474 sane
1020 1412 1136 1474 conatu
1163 1409 1308 1474 videmur
1334 1410 1427 1475 binas

287 1542 380 1604 posse
394 1519 522 1585 voculas
544 1523 764 1606 transponere,
788 1523 897 1585 tamen
912 1519 1142 1585 dubitationem
1161 1522 1269 1585 movet
1290 1522 1427 1586 usitatus

288 1631 415 1697 comicis
444 1654 512 1697 mos
538 1631 704 1717 loquendi,
734 1632 786 1716 qui
819 1632 1023 1716 praemittere
1045 1636 1123 1696 idem
1147 1653 1218 1696 cunr
1239 1625 1428 1716 pronomine

288 1743 537 1808 demonstrativo
563 1743 708 1808 iunctum
735 1741 856 1826 solent,
888 1765 954 1807 non
979 1746 1180 1828 postponere.
1229 1741 1427 1808 Documento

286 1853 366 1920 haee
393 1857 488 1919 sunto
511 1853 670 1938 exempla:
693 1859 797 1917 eadem
820 1859 874 1918 illc
896 1852 978 1918 Rud.
1001 1853 1044 1938 ΙΙ,
1068 1855 1098 1938 6,
1122 1854 1174 1936 63,
1197 1858 1300 1920 lubido
1321 1861 1426 1920 eadem

288 1969 364 2031 baec
384 1978 486 2030 monet
507 1963 579 2030 Ter.
595 1962 724 2048 Phorm.
740 1962 798 2048 IV,
822 1963 852 2048 5,
875 1966 905 2043 4,
928 1971 1055 2030 eandem
1077 1971 1159 2030 illam
1183 1964 1253 2029 Cas.
1276 1965 1357 2050 prol.
1374 1966 1425 2049 61,
1551 1951 1556 1962 ⁴

287 2082 413 2141 candem
442 2083 526 2140 illam
547 2081 695 2141 rationem
722 2073 893 2159 Adelphon
915 2074 956 2158 V,
980 2075 1018 2159 3,
1041 2075 1094 2159 26,
1118 2082 1307 2140 secundem
1329 2082 1427 2142 istunc

288 2193 406 2251 modum
429 2185 505 2251 ibid.
529 2184 588 2268 111,
613 2187 643 2268 3,
668 2185 724 2268 70,
748 2191 853 2250 eadem
875 2191 953 2251 baec
974 2183 1078 2251 Andr.
1101 2185 1161 2270 ΠΙ,
1185 2187 1221 2270 3,
1244 2186 1297 2270 46,
1321 2193 1426 2251 eadem

288 2303 383 2362 istaec
405 2303 496 2362 cerba
519 2294 638 2361 Bacch.
661 2293 719 2382 IV,
744 2297 774 2380 9,
798 2296 850 2380 95,
874 2301 952 2361 idem
974 2302 1029 2362 boc
1052 2308 1211 2376 arpentum
1233 2295 1361 2362 Phorm.
1384 2295 1425 2381 V,

287 2407 318 2491 6,
341 2407 383 2472 48
407 2407 463 2492 (=
485 2410 515 2492 7,
538 2407 590 2494 5),
619 2413 697 2472 idem
719 2412 776 2472 boc
797 2406 865 2472 Mil.
889 2405 953 2490 ΠΙ,
978 2409 1007 2492 1,
1033 2407 1103 2473 160.
1141 2405 1230 2471 'Prin
1254 2406 1295 2491 V,
1318 2407 1349 2493 2,
1373 2409 1424 2473 39.

288 2516 438 2582 Eunuchi
460 2516 518 2603 IV,
543 2519 577 2602 ’1,
604 2519 659 2601 13,
682 2525 760 2584 idem
788 2525 865 2583 istuc
894 2515 994 2582 Haut.
1018 2517 1059 2602 V,
1091 2520 1119 2602 1,
1146 2517 1196 2582 15.
1235 2516 1313 2583 Cist.
1336 2517 1368 2603 I,
1395 2522 1423 2602 1,

286 2629 338 2693 29.
362 2626 479 2694 Persae
500 2627 543 2712 II,
566 2631 597 2713 2,
620 2629 661 2694 57
685 2631 732 2714 et,
756 2629 870 2715 quibus
891 2631 1019 2714 praeter
1040 2629 1264 2693 necessitatem
1287 2627 1426 2694 Bothius

286 2747 354 2805 item
381 2741 505 2826 posuit,
540 2740 626 2805 Men.
650 2740 677 2824 I,
700 2741 731 2825 3,
755 2741 786 2804 2.
815 2740 884 2804 Μ11.
908 2738 965 2823 IV,
988 2741 1019 2823 2,
1042 2740 1095 2804 49.
1124 2737 1181 2822 lV,
1204 2739 1234 2820 6,
1257 2741 1308 2804 58.
1353 2737 1426 2805 Huc

287 2851 367 2914 adde
396 2850 565 2915 interiecto
599 2851 662 2916 alio
694 2851 882 2936 pronomine
910 2850 1067 2934 dirempto
1095 2856 1173 2915 idem
1202 2853 1235 2914 et
1261 2858 1353 2935 istuc,
1388 2855 1424 2916 ut

287 2967 365 3026 idem
387 2969 541 3042 13μοί11111
564 2962 655 3028 (buc.
679 2961 736 3047 IV,
760 2962 791 3045 3,
815 2963 845 3026 9.
870 2960 972 3026 Stichi
993 2960 1053 3044 Ill,
1070 2960 1101 3044 2,
1124 2960 1176 3025 20.
1200 2960 1295 3025 lhuc.
1319 2960 1376 3044 IV,
1392 2962 1423 3046 3,

286 3073 339 3138 31.
383 3073 414 3138 Α
442 3073 558 3159 quibus
581 3074 732 3138 differunt
753 3095 827 3137 vere
848 3071 959 3137 iuncta
981 3078 1058 3138 idem
1081 3093 1152 3151 cqc,
1177 3078 1255 3137 idem
1276 3084 1309 3139 tu
1332 3072 1424 3156 Oapt.

286 3183 344 3267 IV,
368 3184 399 3268 2,
423 3185 474 3250 84.
498 3183 596 3250 Mero.
620 3183 661 3269 V,
683 3187 714 3267 2,
741 3183 790 3247 12.
835 3183 942 3249 Pauca
968 3186 1098 3248 exstent
1120 3183 1274 3248 contrarii
1295 3185 1425 3269 generis

288 3295 444 3379 exempla,
468 3317 567 3380 eaque
590 3318 628 3360 ex
650 3297 742 3379 parte
765 3297 850 3359 certe
871 3293 957 3359 haud
979 3295 1046 3360 scio
1068 3315 1111 3359 an
1133 3316 1199 3360 non
1221 3295 1423 3380 incorrupta:

285 3412 380 3471 istaec
402 3411 506 3470 ecdem
529 3405 700 3490 Adelphos
722 3403 779 3488 IV,
803 3407 833 3488 3,
858 3406 894 3490 8,
917 3411 1000 3471 illum
1021 3411 1149 3471 cundem
1171 3403 1252 3470 Cist.
1268 3404 1295 3490 I,
1317 3407 1347 3489 3,
1371 3405 1423 3488 35,

286 3517 341 3599 qui
373 3537 482 3580 versus
515 3537 581 3580 non
608 3517 714 3581 minus
743 3516 905 3581 commode
933 3515 998 3581 fert
1023 3515 1306 3601 transpositionem
1328 3539 1424 3601 quam

286 3626 381 3690 Most.
397 3625 438 3710 V,
458 3629 486 3710 1,
503 3627 543 3692 38
566 3633 641 3692 istuc
663 3633 749 3695 idem.
793 3631 875 3692 Istuc
896 3634 966 3692 item
988 3631 1075 3691 reete
1098 3627 1262 3712 scripsisse
1277 3625 1345 3691 Mil.
1362 3626 1422 3710 ΙΙΙ,

249 3771 255 3783 ·
289 3739 317 3820 1,
344 3737 402 3801 181
427 3735 564 3802 Bothius
588 3737 760 3822 videtur.*)
804 3737 940 3803 Oasinae
968 3741 1072 3802 versui
1095 3737 1135 3822 V,
1158 3739 1189 3821 2,
1212 3739 1254 3803 52
1283 3741 1354 3823 (boc
1376 3760 1423 3804 eo

285 3921 362 3927 ——-.
385 3921 486 3928 -—·--—-

353 4033 378 4101 *1
399 4033 464 4104 [uisi
480 4037 607 4104 praestat
618 4053 636 4090 a
646 4035 767 4106 Bergida
784 4036 844 4090 Iud.
858 4035 942 4092 schol.
955 4036 1016 4090 Hal.
1028 4035 1085 4090 hib.
1098 4053 1123 4090 a.
1138 4041 1203 4092 1858
1222 4035 1252 4088 et
1268 4040 1301 4090 59
1318 4052 1346 4104 p.
1358 4032 1424 4088 ΧΙΙΙ

286 4126 510 4182 commendatum
532 4131 754 4200 istucequidem]
790 4131 876 4184 Recte
899 4129 974 4186 idem
996 4127 1111 4184 Bothius
1133 4128 1216 4183 Merc.
1234 4128 1304 4197 prol.
1325 4134 1355 4182 71
1375 4131 1426 4186 libi

284 4227 350 4278 item
372 4229 458 4278 melca
480 4241 532 4292 pro
556 4239 589 4278 eo
612 4223 686 4292 quod
705 4225 747 4278 est
763 4223 792 4278 in
809 4223 888 4278 libris
906 4226 957 4282 1111·
973 4225 1063 4282 eidem
1080 4227 1170 4281 metis.
1205 4221 1261 4277 Sed
1277 4221 1306 4276 in
1324 4221 1423 4276 eodem

284 4313 330 4367 ille
353 4329 456 4384 genere
473 4315 589 4372 nimium
611 4317 663 4372 sibi
681 4317 847 4386 aliquotiens
869 4317 995 4384 indulsit,
1018 4319 1049 4370 111
1066 4315 1141 4372 Tria.
1161 4316 1183 4384 l,
1200 4321 1224 4382 1,
1244 4323 1275 4371 16
1294 4317 1423 4374 omnibns

284 4412 391 4476 amicis,
409 4412 485 4478 quod
501 4413 609 4478 mihist,
628 4416 711 4481 cupio
729 4429 792 4470 esee
809 4415 891 4470 idem.
927 4410 994 4482 [Vbi
1012 4413 1098 4477 idem,
1116 4410 1155 4466 sic
1173 4410 1285 4478 quidem
1304 4409 1421 4464 colloca-
