3300 5102
266 328 330 393 410
576 349 622 396 ns
645 349 860 401 anavnnnro
884 353 1102 405 nouosrrcno

265 499 392 564 demum
418 502 625 586 repetendam
651 525 719 568 esse
742 509 876 590 apparet
898 507 1063 594 vulgatam
1091 532 1176 576 snam
1204 513 1406 598 scripturam,

265 611 354 676 cuius
381 611 446 677 iam
478 635 575 697 supra
602 615 723 679 mentio
751 616 859 680 fiebat.
910 617 1022 704 Itaque
1050 623 1086 684 ut
1119 622 1258 688 breviter
1285 624 1407 690 dicam:

264 722 415 807 quoniam
436 723 594 809 bisyllaba
617 747 692 790 voce
720 748 799 811 opus
820 727 974 794 habemus
995 731 1030 795 in
1058 735 1158 817 sexto,
1187 735 1408 819 monosyllaba

264 863 372 924 autern
399 861 434 925 in
462 861 597 945 septimo
624 885 733 928 versu:
762 867 929 951 utramque
961 870 1110 951 putamus
1132 869 1167 934 in
1197 892 1293 934 unam
1315 835 1408 961 setim

264 969 410 1054 formam,
434 976 602 1056 postquam
624 974 736 1038 turbae
755 973 818 1041 huc
832 977 1028 1063 invaserunt,
1054 979 1218 1065 coaluisse,
1242 985 1337 1066 atque
1361 983 1407 1047 sic

264 1083 400 1166 scriptos
422 1081 480 1147 hos
504 1105 575 1148 cum
597 1086 759 1169 superiore
781 1110 890 1152 versus
916 1087 991 1153 olim
1014 1091 1192 1156 exstitisse:

370 1261 456 1301 suum
480 1244 601 1302 arcessit
623 1264 750 1306 servos
773 1246 960 1305 ddminum
981 1248 1119 1323 Athenis,
1143 1253 1173 1309 et
1194 1251 1275 1310 forat

369 1328 496 1403 geminis
520 1348 705 1388 communem
727 1334 820 1390 sotto
842 1333 987 1407 parietem
1010 1334 1146 1409 aedibus,

369 1412 472 1472 liceret
494 1418 528 1472 ut
551 1415 643 1474 olom
666 1416 822 1476 cdnvenire
845 1418 1026 1478 amtntibus.

348 1569 512 1656 Pergimus
544 1571 585 1636 ad
617 1579 811 1640 adhaerentes
833 1595 925 1639 versu
946 1575 965 1640 8
989 1579 1143 1642 amantes.
1188 1577 1295 1662 Atque
1317 1585 1403 1644 obde·

261 1689 356 1748 rectis
383 1681 506 1748 codices
534 1683 688 1750 exhibent
714 1707 839 1768 omnen,
866 1691 1034 1776 othprentis
1056 1687 1206 1772 princeps
1235 1689 1346 1754 editio:
1371 1690 1407 1756 iu

262 1794 351 1858 ouius
374 1793 478 1858 locum
493 1802 657 1862 osculantis
672 1794 871 1861 Camerarius
893 1797 1060 1862 substituit
1081 1798 1210 1884 eiusque
1234 1802 1407 1865 commenti

261 1904 442 1969 laudatores
464 1904 655 1971 Lambinum
677 1906 984 1993 Tanbnrannumque
1016 1908 1155 1974 invenit:
1194 1910 1287 1975 oredo
1322 1912 1406 1995 quod

262 2015 364 2081 tribus
392 2015 452 2081 hoo
479 2017 611 2102 syllabis
638 2017 743 2083 efferri
764 2039 857 2104 posse
883 2019 945 2084 sibi
966 2023 1201 2104 persuaserant.
1247 2021 1330 2098 Quid
1352 2044 1405 2086 au·

262 2127 352 2192 tem?
379 2129 460 2213 quod
483 2127 623 2194 Vltimus
650 2128 704 2193 ille
738 2127 832 2194 solita
862 2129 994 2214 ignavia
1022 2136 1183 2196 servatum
1212 2137 1406 2198 obhaerentes

263 2242 296 2303 et
322 2246 533 2319 amplectentes
561 2261 593 2304 se
619 2246 744 2305 invicem
772 2241 965 2325 explicatum
988 2245 1095 2327 (quam
1117 2242 1244 2328 quidem
1267 2244 1405 2328 explica-

262 2349 384 2414 tionem
405 2348 483 2415 Pius
505 2351 703 2436 praeiverat:
727 2357 867 2430 adhaese,
887 2359 1016 2433 pressim
1038 2365 1068 2418 et
1090 2360 1304 2433 adplatr'natr'm
1327 2377 1404 2420 com-

135 2475 144 2494 ‘
260 2464 378 2544 pleros)
402 2461 447 2525 sio
469 2461 592 2526 scilieet
615 2461 784 2528 conciliare
812 2483 884 2527 cum
905 2486 1109 2528 numerorum
1138 2465 1317 2530 rationibus
1339 2487 1406 2530 non

264 2572 404 2638 erubuit:

367 2715 563 2776 obhaerentes
585 2717 684 2776 oustds
706 2717 760 2777 hos
782 2716 865 2776 videt
886 2717 922 2775 de
944 2717 1065 2794 tegulis.

262 2846 434 2912 Mirifioum
455 2847 562 2912 hercle
585 2847 751 2912 inventum
774 2871 811 2913 ac
825 2849 966 2934 'dignum
989 2870 1050 2933 quo
1077 2847 1179 2914 lexico
1201 2871 1337 2935 propere
1358 2850 1405 2914 lo-

264 2958 481 3044 cupletentur,
518 2980 597 3044 quae
632 2959 691 3023 etsi
719 2964 925 3025 obhaerentem
954 2966 986 3025 r'n
1013 2965 1111 3026 medio
1141 2968 1266 3040 (lamine
1297 2953 1405 3042 equum

263 3073 393 3154 norunt,
418 3070 466 3136 vel
488 3090 592 3137 nauem
614 3076 702 3149 vado,
727 3075 872 3136 laciniam
894 3078 1090 3149 constrepenti
1111 3075 1331 3155 obhaerentem,
1355 3075 1403 3136 ta·

262 3202 337 3246 men
364 3186 557 3247 obhaerentes
586 3193 734 3264 amantes,
759 3181 874 3245 omisso
897 3181 974 3246 adeo
996 3186 1053 3246 siti
1073 3182 1271 3266 pronomine,
1301 3183 1404 3247 adhuc

262 3292 463 3377 ignorarunt.
510 3291 571 3358 Sed
595 3295 703 3358 tamen
728 3329 764 3340 -
788 3292 896 3356 taedet
918 3293 1004 3356 enirn
1025 3290 1086 3356 hoc
1106 3293 1254 3376 persequi
1275 3291 1404 3379 longius

262 3403 411 3468 —haud
439 3404 504 3469 scio
532 3427 575 3468 an
602 3425 643 3468 ne
672 3409 836 3469 ottaereas
861 3415 960 3468 custos
987 3403 1130 3488 quidem,
1159 3425 1254 3486 quem
1281 3407 1405 3468 susten-

263 3514 355 3579 tandi
376 3536 484 3579 versus
509 3536 620 3578 caussa
642 3513 886 3599 haudquaquam
908 3515 1016 3598 inepte
1034 3512 1170 3578 Bothius
1192 3513 1330 3598 induxit,
1354 3517 1405 3579 sat

265 3625 427 3690 commode
449 3626 627 3711 unitateque
649 3624 783 3689 dicatur.
815 3625 864 3689 Ea
887 3625 973 3688 enim
987 3645 1063 3689 voce
1085 3626 1121 3687 ut
1141 3624 1279 3689 infestae
1303 3625 1403 3689 cuius-

264 3735 337 3800 dam
360 3738 522 3802 custodiae
549 3735 727 3820 pertinacia
749 3736 935 3820 declaretur,
966 3741 1002 3800 ot
1023 3734 1218 3820 praepositio
1240 3738 1348 3799 autem
1369 3736 1405 3802 in

264 3849 398 3914 eandem
419 3851 545 3933 partem
560 3851 654 3932 atque
677 3853 826 3913 occubere
846 3846 961 3929 valeat,
985 3845 1068 3930 quod
1091 3845 1151 3910 hac
1167 3845 1404 3931 significatione

272 4023 471 4032 --.—-—-—.-.-

264 4120 438 4189 Argumonta
455 4136 511 4174 non
528 4118 584 4174 sint
601 4137 663 4174 curn
680 4119 827 4175 Vrsiniano
845 4117 893 4172 illo
912 4117 1030 4184 conlata,
1048 4117 1128 4172 huius
1146 4134 1163 4172 a
1180 4117 1333 4173 Decurtato
1352 4117 1405 4172 dis-

265 4212 435 4284 crepantiam
457 4211 531 4268 infra
552 4213 645 4284 posui:
715 4233 739 4268 v.
759 4221 775 4268 3
798 4216 889 4282 ipsius
911 4213 976 4266 ante
997 4227 1124 4266 rasuram
1197 4220 1327 4280 captust,
1356 4211 1405 4266 sed

265 4308 366 4375 quarta
387 4307 482 4362 littera
504 4325 519 4362 c
542 4309 700 4363 correctura
721 4305 828 4378 primae
851 4323 961 4372 manus3
988 4313 1101 4375 captust
1118 4321 1188 4373 mrg.
1209 4322 1244 4356 m.
1264 4321 1317 4358 seo.
1387 4311 1403 4358 8

265 4405 337 4462 uidit
406 4409 436 4456 12
455 4405 551 4474 cupiat
570 4419 646 4460 uxor·
716 4407 746 4456 1³
764 4401 867 4458 tabeat
936 4405 1002 4468 14p
1021 4399 1134 4456 moecho
1151 4399 1203 4456 tun
1221 4398 1357 4468 uterquc]
