3300 5102
200 317 206 339 ⁸
270 339 333 402 272
611 351 833 400 enossamvn
855 352 1069 400 ruavrmvu.

357 507 416 570 103
438 509 638 583 efflictim:
660 503 779 587 Amph.
804 504 829 588 Ι,
852 506 883 587 3,
910 505 949 569 19
972 507 1076 587 (6109
1102 505 1170 570 vide
1193 506 1234 570 ad
1257 511 1277 588 §
1303 509 1350 572 11.

358 617 418 681 104
439 621 588 680 tuatim:
621 614 665 678 ih.
689 613 732 696 ΙΙ,
767 616 795 697 1,
829 613 962 698 41554)
986 617 1258 697 Mim'praedieds.
1282 620 1337 682 So.
1361 639 1408 683 ee·
1540 669 1543 676 .

269 731 349 806 cere,
374 734 432 792 iam
455 728 560 792 ludiim
583 725 683 790 Facis.
728 723 802 788 Nou
825 723 887 788 sibi
907 725 1107 790 intellectum
1123 726 1265 793 Plautini
1286 729 1409 794 librarii

269 839 304 904 iu
327 851 360 904 tu
383 848 481 902 aulem
503 838 684 918 mutanmt3
714 838 882 899 servarunt
904 835 1028 900 Nonius
1049 859 1081 920 p.
1108 839 1168 902 179
1190 841 1223 902 91
1244 837 1409 904 Charisius
1484 839 1490 849 '

269 949 302 1014 H
325 971 357 1033 p.
384 949 444 1012 196
466 946 504 1012 Ρ.
529 947 601 1030 (221
626 945 691 1028 Κ),
725 967 788 1029 quo
810 949 892 1009 19919
914 945 979 1009 iam
1001 946 1138 1012 Sisenna
1159 947 1238 1012 illud
1260 949 1409 1035 designa-

270 1062 369 1142 verat,
404 1062 453 1124 ‘ut
474 1061 650 1123 uostrolim’
674 1055 795 1120 factum
831 1056 950 1120 dicens.
995 1056 1076 1123 Oum
1107 1065 1226 1123 meatim
1260 1082 1331 1124 eum
1354 1060 1409 1124 alii

270 1169 473 1254 grammatici
494 1168 663 1252 (Donatus,
688 1165 907 1250 Sergius'sive
923 1165 1062 1251 Servius,
1086 1167 1273 1254 Cledonius,
1297 1172 1409 1256 Augu·

271 1281 386 1363 stinus,
420 1278 603 1362 Pompeius)
628 1276 836 1359 contendunt,
860 1267 927 1341 tum
951 1276 1135 1343 Priscianus
1157 1278 1221 1344 XII
1244 1303 1275 1364 p.
1292 1281 1355 1346 949
1370 1281 1406 1346 Ρ.

271 1390 347 1474 (594
368 1389 435 1472 Η.),
475 1389 564 1454 carius
587 1388 683 1452 verba
705 1399 739 1452 ut
759 1394 892 1452 ‘meatim
910 1391 1007 1465 saeis’
1030 1403 1060 1453 ei
1082 1393 1212 1467 ‘sociiis’
1235 1391 1320 1456 haud
1342 1393 1408 1457 scio

270 1522 312 1564 an
335 1501 381 1565 sie
404 1499 603 1564 emendanda
626 1499 706 1562 sint:
725 1511 762 1592 μί
783 1505 913 1562 ‘meatim
932 1503 1032 1575 saeio'
1054 1511 1084 1564 ei
1105 1508 1224 1567 ‘tuatim
1241 1505 1350 1580 socis'.
1420 1553 1427 1566 .

356 1612 417 1677 105
438 1616 700 1676 somniculose:
724 1607 843 1693 Amph.
866 1608 909 1692 11,
935 1611 963 1692 1,
989 1610 1029 1675 75
1051 1611 1139 1694 (622)
1163 1614 1228 1678 Nau
1250 1619 1331 1679 soleo
1352 1635 1408 1694 epo

268 1725 468 1789 somniculose
499 1723 548 1784 eri
575 1727 634 1784 mei
665 1725 793 1799 imperia
822 1721 966 1799 persequi
971 1743 978 1785 :
1012 1721 1074 1784 nisi
1101 1720 1146 1785 ibi
1168 1725 1258 1787 erelio
1279 1730 1407 1804 imperia

268 1837 394 1914 exsequi
424 1831 587 1916 praeferes
608 1834 646 1894 ut
667 1829 815 1894 usiiatius
837 1850 940 1914 genus
962 1829 1128 1916 loquendi,
1161 1833 1288 1917 quando
1310 1842 1369 1900 mei
1389 1857 1408 1898 a

268 1944 358 2009 libris
392 1943 519 2028 scriptis
553 1942 653 2006 abest.
699 1939 802 2005 Semel
835 1943 1000 2024 praeterea
1033 1964 1070 2005 eo
1102 1942 1252 2008 adverbio
1274 1943 1407 2010 Plautus

268 2076 343 2119 usus
366 2054 458 2137 Oapt.
482 2053 524 2136 ΙΙ,
551 2054 579 2136 1,
613 2052 653 2116 31
678 2050 768 2135 (227)
794 2054 895 2115 Taum
917 2051 1038 2132 incepto
1059 2055 1110 2117 re's
1130 2066 1182 2132 est,
1217 2060 1280 2121 hou
1301 2057 1406 2122 somni·

267 2168 367 2231 euiisc
387 2170 444 2229 ime
467 2164 663 2242 Aauadumsi.

355 2275 415 2340 106
436 2280 577 2338 simitu:
601 2270 720 2356 Amph.
744 2271 786 2355 ΙΙ,
813 2275 840 2355 1,
865 2273 907 2336 84
929 2273 1035 2358 (631);
1057 2274 1128 2338 vide
1151 2276 1190 2339 ad
1214 2279 1235 2358 ξ
1259 2278 1309 2342 71.

357 2385 413 2449 107
436 2389 660 2450 examussim
694 2383 766 2466 (pro
800 2404 862 2467 quo
889 2387 1057 2468 peccatum
1078 2387 1247 2472 amussim):
1285 2387 1403 2472 Amph.

164 2559 172 2582 ,
266 2497 310 2580 II,
344 2495 376 2579 2,
410 2497 472 2560 213
496 2494 584 2580 (843)
619 2498 665 2557 Ne
686 2495 744 2558 isio
765 2499 882 2574 edepol,
910 2499 1040 2560 siliaco
1067 2501 1141 2562 ee'ru
1163 2503 1305 2578 quuitur,
1330 2504 1405 2564 aaa·

267 2614 386 2673 mussim
397 2619 440 2671 esi
461 2609 591 2686 iptama.
628 2603 725 2668 Redit
746 2603 781 2667 in
793 2604 1020 2688 Menaechmis,
1044 2606 1078 2670 in
1090 2606 1298 2692 Mostellaria,
1321 2609 1406 2694 apud

268 2718 485 2803 antiquarium
507 2714 712 2800 Appuleium.
759 2713 844 2778 Fieri
876 2717 986 2780 tamen
1008 2719 1125 2800 potest,
1159 2719 1253 2783 utin
1275 2740 1332 2784 suo
1355 2740 1404 2784 co·

265 2831 336 2894 dice
367 2825 616 2914 glossographus
648 2825 753 2909 ipsum
785 2832 925 2890 amussim
958 2825 1036 2891 illud
1058 2828 1192 2912 legerit,
1228 2830 1404 2894 cumidem

266 2940 363 3004 etiam
385 2937 510 3003 Nonius
533 2939 669 3000 testetur
691 2957 723 3018 p.
747 2935 777 3016 9,
803 2938 838 2998 91·
856 2936 902 3000 919
924 2937 1052 3020 quidem
1074 2937 1178 3003 verbis
1201 2940 1404 3025 transpositis

266 3051 306 3116 ad
327 3049 507 3135 legitimum
528 3045 746 3132 septenarium
768 3046 975 3129 explendum:
1011 3055 1038 3112 si
1063 3051 1138 3113 uero
1160 3056 1295 3131 quuitur
1315 3055 1401 3129 iaie,

265 3167 405 3226 amussim
427 3171 471 3224 est
493 3160 615 3238 optima.
661 3156 797 3221 Accedit
823 3156 907 3240 quod
928 3157 1035 3244 ipsum
1057 3166 1196 3225 amussim
1218 3159 1403 3225 adverbium

265 3272 363 3336 etiam
385 3269 498 3334 Festus
520 3266 613 3331 Pauli
638 3289 670 3350 p.
694 3267 724 3350 6,
758 3259 954 3332 ausurum
987 3268 1071 3332 unde
1103 3266 1183 3333 illud
1205 3269 1352 3334 Lucretio
1374 3269 1400 3354 1,

264 3382 326 3447 657
350 3379 546 3463 Bernaysius
568 3375 740 3442 restituens
762 3375 865 3441 Musei
887 3375 992 3442 Rhen.
1008 3382 1033 3442 t.
1050 3377 1130 3443 VIII
1152 3403 1183 3464 p.
1203 3379 1287 3445 160*
1312 3379 1403 3444 cedet

264 3491 358 3555 hodie
390 3489 453 3553 nisi
488 3487 584 3551 fallor
605 3487 648 3552 H.
672 3485 824 3552 Munroui
851 3496 1012 3553 contraria
1033 3495 1120 3554 nasci
1140 3490 1322 3555 emendanti
1344 3513 1402 3576 pro

263 3607 423 3668 contraria
445 3619 534 3664 muse.
550 3637 593 3647 -
616 3597 764 3663 Ceterum
785 3604 978 3681 examussim,
1001 3599 1095 3686 idque
1117 3599 1152 3664 in
1167 3599 1402 3688 Amphitruone

264 3713 325 3776 sibi
347 3711 476 3794 lectum,
509 3707 752 3774 iam-Sisennae
775 3707 909 3793 dignum
931 3709 1033 3773 visum
1055 3731 1124 3776 esse
1146 3712 1229 3796 quod
1251 3711 1401 3796 explana-

175 3887 180 3894 ,
263 3827 323 3906 ret,
348 3820 512 3887 Charisius
534 3819 627 3884 docet
647 3819 680 3882 II
702 3840 734 3903 p.
761 3819 819 3883 178
842 3820 917 3902 (198
939 3819 1012 3901 h'.):
1050 3821 1090 3885 ci.
1114 3820 1278 3908 Parergon
1301 3822 1361 3887 vol.
1385 3823 1401 3887 I

184 4005 187 4010 ¹
263 3957 294 4018 p.
318 3933 391 3997 385.
423 3967 466 3981 —-
498 3928 636 3994 Vberius
669 3932 702 3993 et
733 3933 913 3994 examussim
942 3933 975 3993 91
1008 3936 1212 4024 adamussim
1235 3931 1400 3996 Bentleius

261 4043 414 4108 tractarit
436 4039 476 4105 ad
500 4039 644 4124 Hecyrae
665 4039 691 4123 Ι,
716 4039 746 4122 2,
771 4039 822 4104 88.

348 4151 409 4216 108
430 4172 564 4230 susque
585 4155 723 4228 aeque:
747 4148 866 4234 Amph.
890 4147 950 4230 111,
972 4149 1004 4234 2,
1026 4151 1048 4215 5
1071 4151 1157 4238 (886)
1180 4157 1279 4232 Atque
1300 4155 1399 4218 idme

261 4284 369 4344 susque
400 4263 497 4340 dique
529 4281 593 4324 esse
618 4262 790 4324 habituram
824 4272 922 4340 putat.
972 4259 1020 4324 De
1057 4261 1153 4325 Gellii
1182 4261 1275 4345 XVI,
1299 4264 1320 4327 9
1346 4264 1398 4328 de-

261 4398 322 4462 que
352 4371 437 4436 Festi
465 4393 497 4454 p.
521 4369 584 4434 290
606 4371 809 4434 enarratione
843 4373 909 4436 eius
941 4371 1110 4436 locutionis
1143 4373 1222 4438 satis
1259 4376 1396 4440 constet.
