3302 5096
787 1159 855 1268 X.

488 1358 696 1478 Verloquia
726 1359 905 1478 quaedam
936 1357 1164 1472 Plautiuu.*l
1230 1343 1248 1380 ⁷

807 1588 813 1593 .
831 1587 896 1594 —-

338 1721 446 1796 Neque
468 1739 548 1802 quae
571 1720 679 1782 assant
700 1721 733 1781 et
754 1717 830 1802 quid
852 1723 978 1799 napum,
1005 1737 1071 1781 non
1094 1717 1217 1781 nescire
1239 1739 1273 1782 se
1294 1717 1387 1781 multi
1405 1729 1435 1778 uu

253 1831 376 1892 suomet
404 1827 548 1912 exemplo
579 1829 841 1913 comprobarunt:
878 1827 967 1891 nullo
993 1827 1170 1912 insigniore
1199 1849 1296 1912 quam
1318 1850 1391 1892 oum

253 1938 333 2002 scire
356 1961 399 2020 se,
424 1937 508 2003 unda
530 1939 684 2002 vocabula
706 1937 762 2001 illa
775 1938 861 2002 dicta
876 1940 994 2021 essent,
1017 1938 1153 2022 professi
1177 1941 1261 2010 sunt.
1293 1937 1391 2003 Velut

251 2070 318 2112 non
341 2049 381 2113 G.
404 2049 430 2114 I.
455 2049 571 2114 Vossio
598 2052 727 2113 tantum
750 2047 965 2132 Etymologici
987 2070 1019 2132 p.
1043 2049 1116 2132 347,
1146 2049 1201 2112 sed
1224 2049 1320 2112 etiam
1341 2049 1391 2114 Ιο-

253 2159 352 2243 sepho
374 2159 538 2243 Scaligero
560 2161 702 2227 Ooniect.
727 2155 761 2224 in
783 2158 962 2224 Vononem
984 2183 1015 2244 p.
1037 2144 1097 2224 152
1119 2181 1166 2243 sq.
1191 2159 1252 2242 (ed.
1277 2159 1387 2246 Steph.

131 2261 132 2264 ¹
254 2293 282 2334 a.
302 2269 397 2352 1573)
420 2270 511 2334 divus
533 2269 750 2355 Hieronymus
773 2291 886 2335 comm.
910 2271 944 2334 in
967 2269 1107 2354 Sophon.
1121 2269 1191 2354 ἸΠ,
1217 2270 1256 2334 18
1279 2275 1390 2335 auctor

250 2380 314 2444 fuit
334 2383 371 2444 ut
392 2403 431 2444 ex
459 2380 611 2446 hebraica
632 2403 709 2446 voce
730 2399 785 2446 uri
808 2380 976 2445 ducerent:
1014 2382 1067 2444 ‘ut
1093 2400 1188 2444 nosse
1214 2381 1389 2464 possimus'

252 2489 362 2574 (verba
384 2495 460 2556 sunt
481 2489 681 2576 Hieronymi)
710 2491 872 2576 ‘linguam
894 2490 1078 2555 hebraicam
1099 2491 1243 2554 omnium
1264 2491 1390 2576 lingua-

250 2623 321 2665 rum
344 2624 412 2666 esse
435 2603 631 2667 matricem’.
680 2601 888 2686 Castigatque
917 2601 1061 2686 Scaliger
1088 2602 1313 2686 grammaticos
1336 2604 1389 2688 qui

208 2767 210 2772 .
250 2712 423 2799 phrygium
445 2713 550 2798 potius
573 2734 642 2777 esse
664 2712 853 2777 vocabulum
875 2713 1068 2796 putaverint.
1114 2710 1234 2777 Contra
1255 2734 1389 2798 graecae

251 2823 431 2908 speculator
446 2823 581 2908 originis
597 2822 806 2888 Doederlinus
822 2822 941 2906 Synon.
958 2820 1004 2886 VI
1019 2845 1051 2906 p.
1063 2821 1127 2887 293
1142 2823 1282 2888 eiusdem
1297 2823 1389 2888 nimi-

250 2957 321 2999 rum
344 2957 415 2998 oum
430 2936 574 3014 νωχελήε
589 2935 729 3014 νοχαλόε
744 2933 853 3016 stirpis
869 2954 937 2997 esse
953 2932 1013 2996 sibi
1035 2933 1209 3017 persuasit:
1232 2934 1294 2998 nisi
1310 2935 1389 2998 mul-

196 3041 200 3052 ’
249 3049 318 3110 tum
339 3044 491 3127 fallimur,
515 3045 576 3109 sibi
598 3044 666 3109 soli.
704 3046 876 3120 Ἰνδογενὲε
899 3048 1085 3127 epoptarum
1107 3042 1274 3108 arbitrium
1288 3045 1388 3109 omni-

250 3159 344 3220 tuens
359 3156 564 3240 omniparens
579 3153 731 3241 numquid
747 3154 783 3219 in
797 3154 858 3219 hac
875 3175 987 3218 caussa
1002 3153 1187 3237 decreuerit,
1211 3154 1387 3239 incomper-

249 3269 318 3330 tum
339 3266 447 3331 nobis:
485 3266 524 3330 ad
546 3265 680 3330 latinam
701 3266 847 3350 linguam
868 3265 999 3329 rediisse
1021 3263 1162 3328 Pottium
1185 3264 1291 3348 uideo,
1315 3287 1387 3330 raro

249 3377 406 3441 acuminis
422 3377 567 3460 exemplo
583 3399 682 3456 aucus
701 3377 967 3461 interpretantem
982 3379 1147 3460 tamquam
1161 3382 1338 3456 aerari-ipos
1352 3376 1385 3442 h.

249 3509 277 3552 e.
293 3510 359 3553 non
374 3509 466 3553 usum
489 3491 623 3573 agentes
643 3488 675 3551 h.
693 3508 719 3551 a.
744 3487 771 3550 si
793 3487 892 3551 latine
913 3508 1009 3572 quam
1023 3487 1158 3550 barbara
1180 3487 1266 3571 loqui
1288 3488 1386 3552 malu-

248 3619 334 3682 mus,
357 3621 449 3670 usum
469 3621 536 3664 non
558 3597 714 3680 ferentes,
738 3596 966 3673 Quaestionum
988 3601 1083 3681 etym.
1105 3595 1138 3660 Π
1159 3619 1191 3681 p.
1207 3597 1279 3662 282.
1318 3597 1386 3674 Quo

248 3708 349 3772 multo
371 3708 561 3793 simplicius,
585 3731 651 3772 non
679 3708 798 3790 verius,
826 3707 902 3771 olim
924 3707 978 3771 alii
999 3707 1034 3770 in
1055 3729 1093 3771 uc
1114 3710 1146 3771 et
1167 3729 1260 3787 agera
1281 3710 1385 3773 verbis
1464 3775 1474 3790 ‚

248 3818 468 3882 substiterant.
512 3817 594 3894 Quid
621 3817 744 3904 igitur?
779 3816 900 3882 fidesne
928 3816 1019 3881 nobis
1046 3816 1230 3902 habebitur,
1266 3819 1292 3882 si
1320 3841 1386 3884 non

248 3927 376 3992 aliunde
398 3929 461 3992 nisi
484 3949 501 3992 e
523 3949 644 3994 nauco
665 3931 809 4012 repetere
831 3949 951 4008 nuper
971 3929 1004 3992 h.
1026 3950 1053 3993 a.
1076 3949 1222 4008 ccupas
1244 3929 1385 3994 animum

253 4087 446 4094 —-.—...—...

314 4167 339 4233 *)
374 4165 560 4236 [Prooemium
578 4166 678 4222 Iudicis
708 4166 866 4222 scholarum
895 4166 1075 4222 hibernarum
1104 4165 1291 4221 Bonnensinm
1321 4183 1382 4220 ann.

247 4258 467 4314 cloiooccuuv
489 4261 518 4314 et
534 4259 594 4314 LV:
624 4261 725 4314 iterum
747 4259 776 4313 in
797 4259 939 4330 publicum
963 4261 1090 4314 amissum
1108 4259 1137 4313 in
1160 4258 1383 4316 ‘Prooemiorum

246 4351 432 4408 Bonnensium
451 4351 572 4410 decade’
596 4351 728 4422 (Berolini
746 4369 770 4410 a.
792 4349 1020 4424 CIOIOCCCLXI)
1038 4371 1065 4408 n.
1082 4353 1125 4426 IL]
