3300 5102
317 312 380 378 398
624 333 896 391 sununrrrouus
919 339 1151 390 unncnuours.

317 487 464 568 quartum
486 486 573 552 hunc
595 511 720 556 versum
743 496 839 559 Simul
859 497 960 560 e'nr'cot
981 501 1149 575 suspiritus,
1174 499 1227 557 vix
1248 497 1365 572 suffero
1386 494 1453 555 ter·

317 602 363 660 cle
383 602 548 663 anhelitum
576 600 637 683 (sio
665 604 751 667 enirn
772 604 832 669 ille
860 605 1060 688 scribendus)
1088 603 1165 669 hinc
1192 603 1356 686 demptum
1378 602 1453 666 trai-

318 707 437 772 ciamus
459 712 532 792 post
554 733 582 774 v.
602 713 641 776 14
664 710 761 802 [123],
785 737 851 780 non
873 719 947 800 post
968 716 1007 782 13
1029 737 1101 779 cum
1123 713 1287 798 Scaligcro
1308 713 1358 778 vel
1383 735 1454 777 cnm

317 817 473 883 Scriverio
495 824 568 903 post
585 823 632 887 15.
663 822 775 889 Vnum
794 825 871 891 illud
894 848 980 891 nuuc
996 825 1187 911 quaerimus,
1211 824 1338 908 qualem
1360 827 1454 907 poeta

316 933 464 1012 quartum
487 930 623 1015 dederit,
655 934 689 998 in
711 957 774 1019 quo
795 936 889 1001 nihili
911 958 979 1002 esse
1001 936 1084 1021 quod
1106 936 1180 1000 inde
1202 957 1222 999 a
1244 933 1363 1018 Pylade
1385 933 1454 997 Bri-

317 1040 419 1104 xiensi
441 1046 638 1126 propagatur
656 1051 836 1126 planissume
857 1069 916 1140 eos,
941 1046 1036 1112 facile
1057 1049 1106 1110 est
1127 1045 1166 1109 ad
1189 1044 1451 1128 intellegendum.

315 1148 397 1225 Quid
420 1152 505 1216 enim
527 1153 695 1220 locutionis
718 1156 796 1221 illud
817 1161 866 1222 est
887 1158 1017 1222 tandem
1034 1163 1207 1236 plenissime
1229 1161 1376 1236 erpellere
1397 1154 1454 1218 ali·

314 1283 409 1345 quem
430 1263 480 1328 vel
502 1270 679 1344 detrudere,
704 1273 868 1334 deturbare
895 1276 927 1334 ia
948 1267 1051 1333 viam?
1094 1266 1163 1332 Nec
1185 1265 1288 1350 magis
1310 1265 1454 1350 profecto

315 1375 389 1457 apte
411 1376 467 1438 aut
488 1375 604 1441 usitate
627 1377 677 1440 vel
695 1384 870 1459 planissime
891 1378 941 1443 vel
958 1383 1144 1458 penitissime
1165 1375 1215 1440 vel
1238 1375 1315 1440 adeo
1334 1383 1453 1456 paenis-

313 1490 385 1548 sime
417 1484 527 1569 aspelli
564 1485 731 1552 adversum
759 1492 871 1554 euntes
911 1488 1073 1553 dicentur:
1110 1487 1148 1550 de
1176 1486 1291 1570 quibus
1324 1487 1453 1551 vocibus

315 1593 470 1660 lambino
492 1597 570 1661 duce
593 1597 647 1662 alii
671 1599 864 1684 cogitarunt.
910 1597 978 1674 Quo
1005 1596 1128 1662 accedit
1155 1597 1237 1682 quod
1266 1619 1307 1662 ne
1329 1601 1453 1662 numeri

238 1785 243 1794 Ι
314 1707 441 1790 quidem
463 1707 575 1772 horum
590 1710 758 1795 quicquam
781 1709 964 1795 patiuntur:
987 1708 1101 1794 quibus
1118 1730 1188 1772 cum
1203 1707 1453 1793 transpositione

313 1817 480 1882 verborum
502 1841 553 1884 cos
569 1827 770 1902 pcrenissume,
794 1841 844 1886 cos
856 1826 1037 1902 plenissmus
1052 1820 1131 1883 satis
1146 1819 1214 1883 ficri
1231 1817 1365 1882 Bothius
1381 1839 1452 1882 oum

315 1927 439 2011 Guyeto
467 1929 652 2015 voluerunt,
683 1953 701 1995 a
728 1931 881 1996 librorum
909 1929 1061 1995 memoria
1087 1950 1217 2012 prorsus
1239 1929 1450 1994 desciverunt.

314 2037 367 2104 Sic
389 2040 475 2104 enim
497 2041 661 2106 sciendum
685 2045 734 2106 ost
756 2043 790 2106 in
806 2043 935 2127 optimis
957 2041 1112 2124 scriptum
1128 2061 1210 2104 esse:
1234 2044 1331 2106 Simul
1353 2052 1452 2104 uatem

312 2155 520 2229 plenissmus
546 2159 613 2231 qni:
650 2153 734 2236 qnod
762 2153 797 2216 in
829 2175 893 2217 nna
920 2152 1067 2236 principe
1095 2151 1233 2215 editione
1260 2150 1390 2216 transiit
1418 2151 1452 2214 in

310 2267 482 2339 plenissime
502 2267 540 2326 ir's
555 2269 616 2342 qui.
647 2260 741 2328 Vnde
763 2285 853 2328 suam
869 2263 984 2327 Plauto
1007 2261 1201 2346 elegantiam
1224 2265 1310 2326 recte
1332 2261 1451 2344 dispes-

313 2369 354 2434 tis
377 2371 508 2455 syllabis
531 2372 577 2436 sic
599 2374 725 2438 reddes:

377 2512 473 2572 Simul
496 2517 605 2588 attam,
628 2515 750 2590 plenis
773 2517 922 2577 semitis
945 2516 997 2592 qui
1013 2515 1172 2575 advorsum
1195 2517 1277 2588 cunt,
1300 2512 1450 2588 aspdllito‚

376 2599 518 2674 Dctmtda
546 2601 673 2660 deturba
696 2604 727 2660 tn
750 2603 845 2662 viam:

312 2727 344 2794 lr.
368 2753 396 2794 o.
419 2729 503 2795 ultro
526 2731 666 2817 citroque
689 2734 935 2799 commeantium
964 2753 1118 2798 concursu
1142 2731 1277 2814 crebris,
1304 2730 1451 2815 frequen-

311 2840 397 2905 tibus
421 2843 552 2925 scmitis,
576 2843 721 2909 similiter
744 2847 838 2929 atque
860 2844 977 2910 Cacsar
998 2849 1087 2909 simul
1107 2843 1213 2928 inquit
1234 2846 1453 2906 nainradvertr'l

312 2957 406 3018 mrrda
427 2959 559 3033 studique
578 2963 702 3035 portari
722 2968 812 3036 utque
834 2963 888 3035 api
911 2960 1092 3036 plenissimis
1114 2960 1177 3031 aiis,
1201 2973 1280 3033 quaa
1301 2957 1455 3032 repentini

311 3069 455 3129 trimodus
476 3071 581 3132 timore
601 3087 641 3130 ex
668 3073 754 3146 apris
779 3072 810 3131 in
839 3071 941 3130 urbem
969 3068 1172 3141 conseruntur
1199 3061 1343 3126 debello
1366 3061 1452 3127 civili

311 3171 353 3256 II,
376 3175 428 3239 25.
473 3175 573 3240 Recte
606 3179 712 3241 autem
740 3179 773 3240 et
802 3176 888 3240 erei
915 3175 1048 3240 veritate
1076 3173 1243 3238 adversum
1272 3175 1384 3236 cuntes
1413 3171 1452 3234 dc

312 3285 426 3349 semita
448 3284 529 3351 deici
550 3287 586 3350 in
608 3287 692 3352 viam
715 3286 793 3370 dici,
823 3285 1022 3351 btrroulionis
1051 3306 1168 3348 scaena
1196 3285 1333 3347 testatur
1355 3281 1452 3366 longe

310 3395 472 3461 simillima
494 3396 536 3483 11,
559 3397 595 3461 3:

395 3554 472 3615 Dato
494 3557 573 3615 viam
595 3555 667 3614 mihi
690 3555 755 3616 noti
777 3555 885 3632 ignoti,
910 3556 981 3614 dum
1004 3573 1059 3632 ogo
1082 3553 1130 3612 hic
1153 3552 1285 3612 osticium
1308 3569 1408 3609 mcum

397 3643 501 3702 Facio:
524 3641 621 3717 fugito
644 3661 756 3715 omncs,
779 3641 859 3700 abito
882 3645 912 3698 ct
934 3640 970 3698 do
992 3641 1041 3698 via
1063 3639 1206 3710 decedito,

397 3725 443 3786 Ne
473 3745 561 3802 quom
589 3727 620 3785 in
650 3746 737 3786 cursu
761 3727 857 3801 capite
880 3729 932 3785 aut
954 3725 1055 3784 cubito
1078 3727 1131 3782 aut
1152 3725 1271 3799 pectore
1302 3720 1451 3780 offendam

397 3897 446 3958 lta
466 3915 545 3957 nunc
560 3895 660 3956 subito
684 3915 809 3973 propcrc
825 3899 855 3956 ot
870 3812 972 3956 aliid
986 3827 1167 3953 (iiiilddtbmst
1188 3891 1262 3952 mihi
1283 3891 1450 3970 negotium.

328 4037 335 4042 -
344 4037 353 4044 u
359 4035 514 4044 --ι--ο-

313 4105 380 4160 satis
408 4103 451 4160 rol
478 4108 618 4161 assecutos
641 4123 700 4160 esso
722 4105 765 4159 vol
789 4103 951 4174 pensitasse.
988 4099 1062 4168 Quas
1086 4100 1179 4168 aliqua
1200 4116 1233 4154 ex
1261 4100 1342 4169 parte
1366 4097 1451 4168 expli·

313 4199 373 4256 cavi
390 4199 418 4253 in
435 4199 516 4254 huius
534 4197 678 4254 voluminis
696 4197 889 4252 dissertatione
906 4195 931 4250 X
952 4215 979 4267 p.
992 4195 1018 4250 V
1030 4211 1070 4262 sq.
1096 4191 1271 4261 Quamquam
1288 4208 1350 4246 soro
1368 4189 1450 4245 video

306 4294 397 4348 ¹etirnn
415 4293 581 4348 considerati
593 4292 681 4346 viram
699 4290 793 4346 iudicii
806 4291 956 4344 Brixiam
975 4287 1042 4342 mihi
1060 4285 1202 4341 adversari
1220 4283 1357 4354 Philologi
1370 4286 1389 4338 t.
1399 4283 1451 4338 ΧΗ

312 4404 339 4458 r·
359 4387 431 4458 ⁸⁵⁰]
