3300 5102
263 298 326 363 392
550 317 788 378 ovansrrouas
811 317 1116 368 rorooasrnrcan.

264 491 364 534 novae
381 473 498 555 essent,
522 494 541 535 a
564 471 769 537 veteribus
791 471 855 536 illis
870 473 904 554 (i.
922 493 949 537 e.
965 475 1092 560 septem)
1108 476 1262 562 distingui
1277 483 1404 564 coeptas

265 603 343 645 esse.
373 580 410 644 Id
432 584 539 646 mrtem
561 583 682 647 factum
705 583 748 646 sit
762 585 889 666 oportet
910 587 985 648 ante
1008 607 1038 649 a.
1054 587 1132 652 5101
1156 609 1192 652 eo
1215 589 1299 654 eninr
1319 612 1404 655 anno

264 695 347 757 teate
368 691 458 756 Livio
485 691 641 775 XXXIX,
664 691 773 756 4111.
797 693 877 758 Cato
910 693 949 757 ad
983 695 1211 762 aedificandam
1240 700 1405 765 basilicam

264 825 354 868 suam
376 813 520 883 quattuor
551 809 693 868 tabernas
715 803 807 886 emit,
841 826 958 888 quase
980 808 1071 871 novis
1096 808 1195 873 fuisse
1216 809 1291 874 inde
1313 810 1405 874 iutel-

265 915 393 999 legitnr,
417 913 500 998 quod
517 916 552 978 in
567 913 811 998 septentrionali
833 918 925 999 parte
940 915 1002 980 lori
1016 918 1080 982 fuit
1094 918 1227 983 basilica
1242 919 1405 1007 Porcia.*)

265 1027 406 1102 1111000111
430 1025 589 1108 convenit,
613 1025 696 1109 quod
718 1026 828 1108 paucis
850 1027 1405 1112 [1011011010(5151111111οΡ010111111

266 1135 398 1202 basilica
425 1135 564 1201 Aemilia
593 1134 740 1200 conditur
761 1148 833 1216 post
859 1145 1057 1216 amentarius
1084 1161 1195 1224 novas,
1229 1142 1405 1206 111011111-

265 1247 335 1313 vius
357 1246 431 1330 XL,
454 1247 513 1311 515
546 1268 624 1330 eluas
656 1245 783 1330 quidem
815 1246 951 1331 simplici
985 1251 1114 1313 nomine
1142 1254 1198 1314 aab
1229 1273 1329 1316 novas
1351 1257 1407 1316 aut

266 1357 467 1444 argentarias
483 1357 624 1440 dixisset,
649 1357 676 1421 si
693 1360 864 1421 vernasset
880 1358 1003 1422 Osanni
1017 1359 1252 1444 interpretatio.
1287 1361 1407 1428 Contra

267 1493 295 1534 a.
319 1470 382 1534 585
404 1469 457 1532 Ti.-
478 1467 684 1552 Sempronius
706 1467 741 1532 in
763 1469 911 1552 opposita
933 1467 995 1532 fori
1017 1473 1108 1554 parto
1128 1493 1219 1534 suam
1241 1470 1405 1537 basilicam

267 1581 345 1645 fecit
371 1601 452 1661 pone
484 1593 615 1662 veteres,
648 1581 685 1643 ut
716 1581 765 1643 est
799 1579 882 1663 apud
916 1579 1052 1644 eundem
1084 1580 1208 1644 Livium
1232 1581 1330 1666 XLV,
1357 1585 1405 1664 16,

269 1691 446 1776 cocinitque
478 1691 518 1754 ad
551 1711 620 1754 eam
653 1711 721 1754 rem
753 1697 892 1755 lanienas
914 1702 950 1755 et
976 1695 1131 1755 tabernas:
1166 1692 1280 1775 quibus
1302 1692 1407 1757 verbis

268 1825 393 1868 rursum
416 1802 575 1884 doeemur,
598 1823 679 1884 quaa
701 1799 889 1884 simpliciter
910 1806 1056 1866 tabernae
1072 1805 1261 1866 vocarentur
1282 1803 1317 1866 in
1338 1803 1407 1868 soro

270 1913 454 1996 collocabas,
477 1911 623 1976 lanienas
646 1933 715 1975 esse
737 1910 877 1975 desiisse.

354 2023 436 2100 Quid
458 2022 589 2088 autem?
610 2022 816 2105 lanienaene,
844 2022 954 2106 quales
976 2021 1028 2088 hio
1052 2027 1349 2107 commemorantur,
1373 2023 1407 2088 iu

269 2137 339 2200 soro
362 2135 549 2198 etiamtum
572 2133 743 2198 exstabant
765 2132 918 2197 omnino?
940 2155 983 2198 an
1004 2135 1039 2198 in
1062 2135 1263 2218 argentarias
1285 2133 1405 2219 pridem

270 2267 380 2310 omnes
403 2265 573 2309 conversae
596 2242 713 2308 erant?
755 2241 878 2328 Nempe
907 2265 973 2308 11011
996 2244 1133 2329 amplius
1156 2248 1248 2309 erant
1269 2246 1304 2310 in
1327 2246 1406 2328 foro,

272 2356 326 2420 sed
349 2353 389 2418 ad
411 2354 515 2418 sorum
531 2357 632 2437 erant,
656 2354 690 2418 in
706 2353 827 2419 vicirros
839 2355 958 2418 11011100
970 2355 1219 2440 angiportusque
1234 2377 1408 2439 repressae,

273 2488 311 2531 ex
324 2487 386 2550 quo
397 2467 539 2549 tempore
550 2467 654 2549 ipsum
667 2464 770 2528 forum
782 2465 985 2550 argentariae
1000 2465 1268 2551 occuparant**):
1284 2466 1315 2530 id
1328 2466 1411 2549 quod

273 2575 483 2661 probabiliter
496 2579 533 2640 ut
548 2575 740 2640 arbitramur
755 2573 924 2639 Buusenus
942 2598 972 2659 p.
990 2577 1031 2641 25
1046 2597 1093 2659 sq.
1111 2576 1256 2642 coniecit.
1286 2575 1330 2640 111
1351 2575 1412 2640 hoc

274 2710 345 2753 cum
372 2688 408 2752 in
436 2686 607 2751 australem
636 2687 697 2750 fori
719 2689 843 2770 partem
867 2685 978 2750 cadere
1001 2685 1208 2770 Semproniae
1229 2686 1307 2751 illud
1331 2687 1410 2751 basi·

275 2799 355 2863 11000
383 2797 562 2881 exemplum
595 2795 723 2879 doceat,
753 2796 838 2861 eirca
870 2797 1153 2880 septentrionalem
1186 2797 1412 2861 collocatarum

274 2908 474 2974 lanienarum
505 2909 624 2972 mentio
651 2907 828 2972 faciliorem
857 2907 954 2970 etiam
981 2907 1080 2972 habet
1107 2911 1139 2972 et
1168 2908 1334 2972 certiorem
1362 2929 1412 2972 ex-

275 3019 440 3105 plicatum.
488 3017 538 3082 lbi
566 3021 650 3082 euim
679 3019 775 3082 situm
804 3020 873 3082 erat
904 3021 1009 3094 saram
1032 3025 1247 3098 piscatoriam:
1282 3018 1320 3081 de
1352 3039 1414 3102 quo

276 3130 347 3194 vide
370 3128 546 3194 Beckerum
574 3128 735 3193 commode
764 3127 981 3212 disputantem
1010 3150 1043 3211 p.
1067 3128 1139 3192 261.
1184 3127 1220 3192 111
1243 3129 1319 3193 anni
1352 3128 1415 3192 544

277 3239 426 3304 incendio
449 3262 513 3304 urm
536 3239 667 3322 periisse
690 3239 797 3303 Livius
825 3238 916 3302 testis
944 3239 991 3301 ost
1017 3237 1067 3301 his
1089 3237 1194 3302 verbis
1216 3237 1334 3320 XXVI,
1358 3239 1415 3302 211

277 3357 378 3416 eodem
412 3363 545 3430 tempore
576 3361 686 3429 septem
718 3354 863 3414 satanae
891 3396 1029 3414 .....
1053 3370 1166 3413 arsere.
1200 3353 1415 3428 comprehensa

273 3472 380 3542 postea
400 3468 524 3540 privam
546 3467 704 3537 aedificia:
731 3481 826 3539 nepae
847 3465 925 3524 enim
950 3471 1012 3524 tam
1033 3465 1178 3525 basilicae
1205 3471 1311 3524 erant:
1337 3479 1414 3522 eom-

274 3577 446 3654 prehensae
480 3577 647 3636 lautumiae
672 3573 837 3650 seramque
861 3576 1057 3650 piscatoriam
1084 3583 1113 3634 ee
1145 3576 1257 3634 atrium
1290 3575 1414 3646 rapiam.

230 3691 260 3740 lx
280 3681 401 3757 Quibus
429 3681 494 3745 iarn
522 3680 696 3745 contendas
730 3678 869 3745 eiusdem
897 3679 1062 3763 scriptoris
1090 3678 1128 3743 de
1157 3678 1313 3763 reparatis
1346 3697 1416 3761 pro·

282 3857 482 3866 --.-—-

351 3955 376 4022 *1
401 3953 492 4024 [Ηοηο
509 3953 779 4021 argumentationem
795 3951 825 4006 L.
843 3951 994 4006 Vrlichsius
1017 3949 1106 4004 Musei
1125 3951 1252 4005 Rhenani
1270 3951 1335 4005 novi
1357 3951 1377 4004 t.
1393 3949 1418 4002 V

281 4065 308 4116 p.
325 4053 376 4102 167
394 4045 514 4100 firmavit
531 4043 606 4100 Festi
623 4063 650 4115 p.
670 4053 719 4101 230
735 4046 771 4100 Μ.
792 4043 964 4112 testimonio,
990 4044 1152 4098 0011000110
1170 4061 1195 4097 a.
1216 4061 1241 4098 u.
1260 4061 1282 4098 c.
1302 4050 1349 4099 nol
1370 4061 1418 4100 no·

284 4158 336 4198 aas
354 4141 489 4196 tabernas
507 4155 567 4194 esse
585 4138 710 4194 conditas
727 4137 841 4208 effecit]
978 4202 981 4210 Ι

350 4233 390 4300 **)
409 4229 579 4287 Curculionis
597 4231 643 4299 lv,
662 4239 674 4286 1
694 4249 775 4286 versa
792 4238 823 4286 22
843 4231 918 4302 [483]
938 4232 1023 4302 poeta
1040 4228 1136 4298 quaeri
1152 4227 1231 4284 iubet

411 4352 445 4406 ln
468 4350 616 4408 Velabro
634 4351 677 4406 vcl
695 4350 830 4421 pistorem
847 4350 892 4406 vel
909 4350 1036 4404 lanium
1053 4349 1097 4404 vel
1114 4347 1295 4418 haruspicem.
