3300 5102
266 328 329 392 262
605 342 826 392 uuossaurvu
849 325 1062 392 imavmuvru.

267 521 318 564 sus
351 521 412 564 voa
444 497 575 581 scripsit
595 497 679 562 Eun.
703 498 746 580 ΙΙ,
781 499 812 580 3,
845 499 884 562 41
910 499 1014 581 (332),
1050 521 1179 580 prorsus
1205 506 1282 566 rutil
1302 502 1403 568 Haut.

268 610 325 693 IV,
358 609 389 693 5,
424 609 464 673 28
488 609 588 692 (776),
611 630 804 692 quamquam
835 612 967 692 utroque
1000 608 1070 673 loco
1101 631 1240 690 prorsum
1269 613 1405 678 formam

269 724 379 785 tuente
402 719 574 802 Bembino;
608 721 721 783 eontra
754 719 889 782 eundem
912 721 1019 782 autem
1037 739 1180 798 prorsum
1202 744 1261 805 pro
1278 744 1407 804 prorsus

203 818 209 830 ⁸
270 831 355 896 Eun.
374 830 414 914 V,
433 831 463 912 8,
479 830 637 916 52(1082)
650 836 755 894 melius
764 851 892 909 prorsus
907 851 1002 908 voque
1010 836 1173 910 prolixius.
1203 831 1235 896 N
1237 853 1273 898 ec
1287 835 1407 900 maiore

270 943 338 1006 iure
370 942 510 1006 eiusdem
531 940 606 1004 libri
630 941 820 1004 auctoritate
841 939 1028 1023 posthabita
1046 961 1175 1021 prorsus
1195 951 1327 1010 nescium
1349 968 1407 1031 pro

269 1061 400 1119 nescium
419 1073 561 1132 prorsum
584 1050 751 1115 substituit
771 1051 806 1114 in
828 1049 1030 1116 Phormionis
1052 1050 1093 1136 V,
1118 1053 1148 1135 8,
1172 1053 1212 1119 87
1237 1056 1324 1137 (980)
1346 1055 1408 1122 hoc

270 1185 363 1229 versu
391 1170 429 1228 Vt
450 1163 525 1242 qvid
545 1183 635 1240 opum
657 1183 725 1226 cum
748 1167 799 1225 illo
821 1164 952 1226 ve'scium
971 1183 1147 1242 prorsvmz:
1180 1167 1236 1243 e'vo
1257 1173 1329 1245 scio,
1354 1168 1408 1232 ubi

270 1275 304 1338 in
326 1273 410 1337 thesi
432 1273 571 1356 positum
589 1292 731 1353 prorsum
753 1272 861 1336 neseio
884 1271 959 1356 quid
981 1273 1121 1356 scrupuli
1144 1274 1173 1338 ei
1189 1274 1300 1340 iniecit
1319 1299 1409 1360 prae-

270 1388 321 1482 ter
343 1383 509 1448 rationem.
559 1381 726 1446 Praeterea
750 1385 855 1446 autem
879 1383 952 1446 adn.
978 1383 1017 1446 ad
1040 1383 1142 1448 Andr.
1165 1385 1192 1468 Ι,
1215 1386 1247 1469 5,
1264 1387 1305 1450 29
1321 1387 1409 1470 (264)

272 1498 305 1558 et
326 1493 464 1578 Adelph.
488 1493 546 1575 IV,
579 1493 610 1576 2,
642 1493 685 1557 36
707 1493 795 1574 (575)
818 1491 913 1557 huius
935 1495 1063 1577 generis
1086 1495 1226 1559 universi
1249 1499 1317 1560 tam
1339 1519 1410 1580 pro-

272 1605 429 1669 miscuum
452 1626 545 1667 usum
566 1602 675 1668 animo
697 1603 895 1687 informavit,
919 1605 1009 1687 quasi
1032 1603 1114 1668 nihil
1136 1628 1287 1690 umquam
1302 1607 1411 1673 discri-

271 1715 367 1780 minis
390 1715 440 1780 vel
462 1717 551 1778 aetas
573 1714 624 1778 rel
647 1713 843 1778 consuetudo
865 1714 996 1799 linguae
1018 1715 1179 1780 statuerit.
1224 1716 1410 1802 stramen,

271 1826 326 1911 qui
357 1824 509 1890 similium
540 1824 682 1888 omnium
704 1823 943 1888 multitudinem
965 1801 1137 1911 diligentei
1158 1827 1410 1913 perlustraverit,

273 1934 420 1999 dubitare
453 1956 519 1998 non
550 1934 669 2018 poterit
702 1935 781 2018 quin
803 1933 965 2018 antiquior
987 1934 1099 2020 lingua
1122 1958 1192 2000 eam
1214 1939 1411 2004 terminatio-

273 2067 358 2130 nem,
381 2067 462 2129 quae
485 2045 522 2108 fit
543 2045 578 2108 in
601 2066 660 2128 vm,
684 2047 720 2108 ut
741 2044 914 2127 plurimum
928 2045 1122 2129 probaverit,
1146 2047 1187 2111 ad
1208 2069 1279 2112 eam
1294 2053 1411 2133 autem,

273 2178 354 2241 quae
365 2159 413 2220 est
424 2177 474 2237 us,
495 2153 588 2219 citius
605 2154 639 2218 in
657 2154 740 2238 aliis,
764 2154 799 2218 in
815 2154 885 2218 aliis
901 2154 1019 2220 lentius
1029 2178 1199 2241 progressa
1212 2157 1265 2241 sit,
1289 2158 1323 2224 in
1335 2159 1413 2244 ‚qui-

272 2267 407 2330 busdam
417 2265 568 2329 Plautina
582 2265 696 2330 saltem
707 2268 813 2328 aetate
831 2264 884 2328 vix
899 2287 1050 2348 umquam
1071 2267 1245 2332 transierit.
1279 2267 1364 2333 Nam
1386 2270 1413 2334 si

274 2376 367 2442 modo
400 2376 538 2461 aliquam
568 2375 664 2439 fidem
695 2379 838 2439 veterum
860 2375 1016 2440 librorum
1037 2377 1190 2442 memoria
1212 2377 1324 2462 habet,
1348 2400 1413 2443 om-

273 2487 364 2551 nium
396 2487 533 2570 primum
560 2507 691 2566 prorsus
723 2488 755 2550 et
776 2492 924 2552 advorsus
933 2489 964 2568 *)
998 2487 1171 2552 invaluisse
1192 2510 1251 2573 pro
1271 2511 1415 2569 prorsum

275 2604 437 2663 advorsum
469 2596 661 2662 credendum
694 2599 757 2660 est:
790 2595 909 2660 diutius
943 2618 992 2661 um
1024 2598 1210 2662 terminatio
1242 2597 1348 2663 haesit
1379 2600 1414 2664 in

276 2729 413 2774 rursum:
444 2727 545 2792 prope
572 2709 723 2771 constans
752 2705 862 2770 eadem
884 2708 1004 2772 mansit
1025 2707 1060 2772 in
1082 2730 1201 2775 vorsum
1225 2709 1414 2792 (aliovorsum

275 2824 430 2897 uliorsm,
454 2825 687 2899 aliquovorsum,
711 2824 921 2896 altrovorsum,
939 2824 1182 2898 dextrovorsum,
1200 2831 1412 2898 retroversum,

276 2941 520 3009 utroquevorsvm
537 2951 609 2993 cum
631 2927 801 3010 finitimis),
825 2951 976 3008 quorsum,
998 2933 1130 3007 horsum,
1155 2937 1301 3007 istorsvm,
1327 2937 1414 2996 deor-

274 3061 350 3118 sum,
381 3061 514 3106 seorsum
546 3059 677 3116 sorsum,
711 3057 840 3103 sursum.
891 3043 922 3102 A
950 3038 1098 3104 Bentleio
1126 3039 1254 3104 demum
1277 3039 1413 3125 Adelph.

275 3148 334 3232 IV,
358 3151 388 3234 2,
412 3149 454 3214 35
476 3149 563 3232 (574)
586 3149 749 3214 invectum
769 3171 873 3214 sursus
894 3151 1008 3213 merito
1030 3150 1151 3233 sprevit
1174 3149 1415 3235 lleckeisenus3

278 3260 420 3325 Andriae
442 3260 468 3344 l,
492 3259 522 3342 5,
546 3259 588 3324 29
610 3260 710 3344 (264),
739 3281 800 3344 quo
823 3259 907 3324 idem
928 3259 982 3324 ille
1004 3281 1131 3339 quorsus
1152 3260 1262 3325 intulit
1284 3266 1414 3346 praeter

278 3370 392 3453 libros,
430 3369 840 3454 leniter'transponendum
864 3373 913 3434 est
934 3370 997 3434 nisi
1018 3369 1115 3434 fallor
1137 3373 1320 3436 Ince'rtvmst
1341 3379 1417 3451 quid

278 3502 401 3562 aovmu
423 3483 533 3544 misera
555 3487 653 3558 timeo,
678 3483 825 3545 mce‘rtum
848 3501 990 3560 quorsum
1011 3485 1069 3546 too
1091 3483 1278 3566 άοοὶἀαι.**)
1307 3480 1416 3546 Etiam

279 3592 382 3676 magis
404 3593 557 3656 miramur
580 3597 718 3656 deorsum
741 3611 844 3654 vorsus
865 3591 992 3675 placere
1014 3590 1161 3655 Bentleio
1183 3591 1324 3675 potuisse
1340 3593 1415 3657 adn.

279 3702 319 3767 ad
342 3703 404 3767 Ad.
427 3701 485 3786 lv,
519 3703 550 3785 2,
574 3701 615 3766 36
638 3701 741 3783 (575);
778 3701 812 3764 in
835 3701 953 3765 talibus
975 3701 1062 3765 enim
1083 3705 1332 3784 exaequatamm
1354 3705 1415 3766 ter-

279 3813 490 3877 minationum
525 3811 774 3876 concinnitatem
807 3832 857 3875 res
884 3811 955 3896 ipsa
982 3809 1123 3895 flagitat,
1162 3813 1198 3872 ut
1220 3815 1276 3874 aut
1297 3834 1416 3876 rursum

274 3945 418 4005 prorsum
447 3926 503 3986 aut
529 3944 635 3986 rursus
658 3943 788 4003 prorsus
815 3921 934 3984 dietum
961 3921 1004 3986 sit
1031 3921 1076 3984 eis
1099 3919 1251 4003 exemplis
1274 3943 1353 4004 quae
1377 3921 1415 3984 ad

347 4093 372 4159 ΙΙ)
390 4091 540 4161 Vtriusque
558 4093 664 4145 formae
683 4089 767 4144 etiam
785 4089 814 4143 in
827 4088 939 4145 Catonis
959 4089 1124 4159 fragmentis
1138 4097 1215 4144 certa
1227 4105 1287 4144 esse
1299 4089 1417 4159 vestigia

280 4185 378 4240 relicta
394 4184 483 4239 video.

348 4278 389 4342 **)
417 4277 478 4331 Nisi
499 4279 636 4347 praestat,
664 4276 739 4344 quod
760 4276 895 4330 Antonius
921 4274 1041 4331 Klettius
1063 4293 1140 4330 meus
1163 4275 1308 4346 proposuit
1328 4275 1418 4332 Musei

282 4369 367 4426 [then.
387 4372 407 4427 t.
426 4369 489 4426 XIV
506 4390 533 4442 p.
553 4377 611 4437 tot,
630 4374 807 4428 incertumst
831 4371 884 4428 troc
902 4387 1038 4442 quorsum
1056 4371 1175 4428 occidat.
