<?xml version="1.0" encoding="UTF-8"?>
<!DOCTYPE html PUBLIC "-//W3C//DTD XHTML 1.0 Transitional//EN"
    "http://www.w3.org/TR/xhtml1/DTD/xhtml1-transitional.dtd">
<html xmlns="http://www.w3.org/1999/xhtml" xml:lang="en" lang="en">
 <head>
  <title>
</title>
<meta http-equiv="Content-Type" content="text/html;charset=utf-8" />
  <meta name='ocr-system' content='tesseract 3.04.00' />
  <meta name='ocr-capabilities' content='ocr_page ocr_carea ocr_par ocr_line ocrx_word'/>
</head>
<body>
  <div class='ocr_page' id='page_1' title='image "./fridericiritsch10wachgoog/fridericiritsch10wachgoog_0410.png"; bbox 0 0 3300 5102; ppageno 0'>
   <div class='ocr_carea' id='block_1_1' title="bbox 497 344 1377 419">
    <p class='ocr_par' dir='ltr' id='par_1_1' title="bbox 497 344 1377 419">
     <span class='ocr_line' id='line_1_1' title="bbox 497 344 1377 419; baseline -0.011 -1"><span class='ocrx_word' id='word_1_1' title='bbox 497 373 543 418; x_wconf 85' lang='lat' dir='ltr'><strong>un</strong></span> <span class='ocrx_word' id='word_1_2' title='bbox 566 369 679 419; x_wconf 81' lang='lat' dir='ltr'><strong>roura</strong></span> <span class='ocrx_word' id='word_1_3' title='bbox 703 358 848 417; x_wconf 78' lang='lat' dir='ltr'><strong>‘narn’</strong></span> <span class='ocrx_word' id='word_1_4' title='bbox 871 363 973 414; x_wconf 81' lang='lat' dir='ltr'><strong>varus</strong></span> <span class='ocrx_word' id='word_1_5' title='bbox 996 363 1125 414; x_wconf 79' lang='lat' dir='ltr'><strong>sonan.</strong></span> <span class='ocrx_word' id='word_1_6' title='bbox 1314 344 1377 409; x_wconf 74' lang='lat'><strong>379</strong></span> 
     </span>
    </p>
   </div>
   <div class='ocr_carea' id='block_1_2' title="bbox 229 515 1480 3610">
    <p class='ocr_par' dir='ltr' id='par_1_2' title="bbox 229 515 1480 3610">
     <span class='ocr_line' id='line_1_2' title="bbox 242 515 1417 612; baseline -0.012 -20"><span class='ocrx_word' id='word_1_7' title='bbox 242 529 277 592; x_wconf 93' lang='lat' dir='ltr'><strong>in</strong></span> <span class='ocrx_word' id='word_1_8' title='bbox 306 550 405 592; x_wconf 92' lang='lat' dir='ltr'><strong>unum</strong></span> <span class='ocrx_word' id='word_1_9' title='bbox 437 526 638 610; x_wconf 85' lang='lat' dir='ltr'><strong>Esquilinum</strong></span> <span class='ocrx_word' id='word_1_10' title='bbox 673 545 820 608; x_wconf 87' lang='lat' dir='ltr'><strong>campum</strong></span> <span class='ocrx_word' id='word_1_11' title='bbox 856 519 1040 587; x_wconf 71' lang='lat' dir='ltr'>ducentium</span> <span class='ocrx_word' id='word_1_12' title='bbox 1072 517 1279 582; x_wconf 85' lang='lat' dir='ltr'><strong>manifestum</strong></span> <span class='ocrx_word' id='word_1_13' title='bbox 1315 515 1376 580; x_wconf 86' lang='lat' dir='ltr'><strong>sibi</strong></span> <span class='ocrx_word' id='word_1_14' title='bbox 1414 604 1417 612; x_wconf 30' lang='grc' dir='ltr'>Ι</span> 
     </span>
     <span class='ocr_line' id='line_1_3' title="bbox 241 626 1376 724; baseline -0.01 -21"><span class='ocrx_word' id='word_1_15' title='bbox 241 639 411 724; x_wconf 76' lang='lat' dir='ltr'><strong>vestigium</strong></span> <span class='ocrx_word' id='word_1_16' title='bbox 433 638 519 702; x_wconf 86' lang='lat' dir='ltr'><strong>visus</strong></span> <span class='ocrx_word' id='word_1_17' title='bbox 542 640 612 702; x_wconf 90' lang='lat' dir='ltr'><strong>erat</strong></span> <span class='ocrx_word' id='word_1_18' title='bbox 633 637 667 700; x_wconf 93' lang='lat' dir='ltr'><strong>in</strong></span> <span class='ocrx_word' id='word_1_19' title='bbox 690 633 918 720; x_wconf 80' lang='lat' dir='ltr'>Porphyrionis</span> <span class='ocrx_word' id='word_1_20' title='bbox 941 632 981 696; x_wconf 91' lang='lat' dir='ltr'><strong>ad</strong></span> <span class='ocrx_word' id='word_1_21' title='bbox 995 631 1123 696; x_wconf 78' lang='lat' dir='ltr'><strong>Horatii</strong></span> <span class='ocrx_word' id='word_1_22' title='bbox 1145 629 1247 714; x_wconf 79' lang='lat' dir='ltr'><strong>Epod.</strong></span> <span class='ocrx_word' id='word_1_23' title='bbox 1273 626 1376 692; x_wconf 88' lang='lat' dir='ltr'><strong>verbis</strong></span> 
     </span>
     <span class='ocr_line' id='line_1_4' title="bbox 238 743 1373 834; baseline -0.011 -21"><span class='ocrx_word' id='word_1_24' title='bbox 238 749 409 834; x_wconf 83' lang='lat' dir='ltr'><strong>indagaro:</strong></span> <span class='ocrx_word' id='word_1_25' title='bbox 432 757 463 814; x_wconf 88' lang='lat' dir='ltr'><strong>in</strong></span> <span class='ocrx_word' id='word_1_26' title='bbox 486 757 610 828; x_wconf 66' lang='lat' dir='ltr'><strong>melone</strong></span> <span class='ocrx_word' id='word_1_27' title='bbox 632 755 761 828; x_wconf 67' lang='lat' dir='ltr'><strong>raperis</strong></span> <span class='ocrx_word' id='word_1_28' title='bbox 787 755 922 826; x_wconf 80' lang='lat' dir='ltr'><strong>quaeest</strong></span> <span class='ocrx_word' id='word_1_29' title='bbox 936 755 1027 808; x_wconf 79' lang='lat' dir='ltr'><strong>culru</strong></span> <span class='ocrx_word' id='word_1_30' title='bbox 1045 753 1164 823; x_wconf 83' lang='lat' dir='ltr'><strong>porlns</strong></span> <span class='ocrx_word' id='word_1_31' title='bbox 1179 743 1373 820; x_wconf 77' lang='lat' dir='ltr'><strong>Esquilinus,</strong></span> 
     </span>
     <span class='ocr_line' id='line_1_5' title="bbox 239 850 1420 942; baseline -0.011 -16"><span class='ocrx_word' id='word_1_32' title='bbox 239 868 326 926; x_wconf 87' lang='lat' dir='ltr'><strong>soliln</strong></span> <span class='ocrx_word' id='word_1_33' title='bbox 345 866 443 940; x_wconf 82' lang='lat' dir='ltr'><strong>fuisse</strong></span> <span class='ocrx_word' id='word_1_34' title='bbox 460 883 632 942; x_wconf 83' lang='lat' dir='ltr'><strong>pauperum</strong></span> <span class='ocrx_word' id='word_1_35' title='bbox 661 880 795 939; x_wconf 83' lang='lat' dir='ltr'><strong>corpora</strong></span> <span class='ocrx_word' id='word_1_36' title='bbox 825 865 871 922; x_wconf 86' lang='lat' dir='ltr'><strong>ocl</strong></span> <span class='ocrx_word' id='word_1_37' title='bbox 899 861 1036 922; x_wconf 80' lang='lat' dir='ltr'><strong>comburi</strong></span> <span class='ocrx_word' id='word_1_38' title='bbox 1056 861 1102 918; x_wconf 82' lang='lat' dir='ltr'><strong>uel</strong></span> <span class='ocrx_word' id='word_1_39' title='bbox 1121 859 1227 933; x_wconf 84' lang='lat' dir='ltr'><strong>proici.</strong></span> <span class='ocrx_word' id='word_1_40' title='bbox 1273 850 1376 926; x_wconf 74' lang='lat' dir='ltr'><strong>(luam</strong></span> <span class='ocrx_word' id='word_1_41' title='bbox 1396 859 1420 906; x_wconf 84' lang='lat' dir='ltr'><strong>ll</strong></span> 
     </span>
     <span class='ocr_line' id='line_1_6' title="bbox 239 961 1375 1056; baseline -0.01 -19"><span class='ocrx_word' id='word_1_42' title='bbox 239 975 347 1037; x_wconf 89' lang='lat' dir='ltr'><strong>tamen</strong></span> <span class='ocrx_word' id='word_1_43' title='bbox 370 973 561 1056; x_wconf 79' lang='lat' dir='ltr'><strong>scripturam</strong></span> <span class='ocrx_word' id='word_1_44' title='bbox 583 972 666 1035; x_wconf 89' lang='lat' dir='ltr'><strong>unde</strong></span> <span class='ocrx_word' id='word_1_45' title='bbox 688 969 818 1054; x_wconf 89' lang='lat' dir='ltr'><strong>petierit</strong></span> <span class='ocrx_word' id='word_1_46' title='bbox 833 968 950 1051; x_wconf 85' lang='lat' dir='ltr'><strong>nescio,</strong></span> <span class='ocrx_word' id='word_1_47' title='bbox 976 989 1047 1030; x_wconf 78' lang='lat' dir='ltr'><strong>erun</strong></span> <span class='ocrx_word' id='word_1_48' title='bbox 1061 965 1096 1029; x_wconf 94' lang='lat' dir='ltr'><strong>in</strong></span> <span class='ocrx_word' id='word_1_49' title='bbox 1112 987 1159 1047; x_wconf 85' lang='lat' dir='ltr'><strong>ea,</strong></span> <span class='ocrx_word' id='word_1_50' title='bbox 1183 985 1263 1048; x_wconf 87' lang='lat' dir='ltr'><strong>quae</strong></span> <span class='ocrx_word' id='word_1_51' title='bbox 1284 961 1375 1026; x_wconf 89' lang='lat' dir='ltr'><strong>nobis</strong></span> 
     </span>
     <span class='ocr_line' id='line_1_7' title="bbox 239 1072 1376 1169; baseline -0.01 -22"><span class='ocrx_word' id='word_1_52' title='bbox 239 1085 273 1148; x_wconf 94' lang='lat' dir='ltr'><strong>in</strong></span> <span class='ocrx_word' id='word_1_53' title='bbox 300 1087 450 1169; x_wconf 89' lang='lat' dir='ltr'><strong>promptu</strong></span> <span class='ocrx_word' id='word_1_54' title='bbox 473 1085 536 1166; x_wconf 84' lang='lat' dir='ltr'><strong>est,</strong></span> <span class='ocrx_word' id='word_1_55' title='bbox 572 1081 763 1147; x_wconf 82' lang='lat' dir='ltr'><strong>scholiorum</strong></span> <span class='ocrx_word' id='word_1_56' title='bbox 790 1081 928 1144; x_wconf 88' lang='lat' dir='ltr'><strong>editione</strong></span> <span class='ocrx_word' id='word_1_57' title='bbox 950 1079 1085 1160; x_wconf 83' lang='lat' dir='ltr'><strong>rectius,</strong></span> <span class='ocrx_word' id='word_1_58' title='bbox 1121 1077 1157 1140; x_wconf 89' lang='lat' dir='ltr'><strong>ut</strong></span> <span class='ocrx_word' id='word_1_59' title='bbox 1184 1076 1218 1138; x_wconf 90' lang='lat' dir='ltr'><strong>in</strong></span> <span class='ocrx_word' id='word_1_60' title='bbox 1247 1072 1376 1157; x_wconf 87' lang='lat' dir='ltr'><strong>reliquis</strong></span> 
     </span>
     <span class='ocr_line' id='line_1_8' title="bbox 237 1185 1393 1274; baseline -0.01 -16"><span class='ocrx_word' id='word_1_61' title='bbox 237 1194 351 1258; x_wconf 91' lang='lat' dir='ltr'><strong>horum</strong></span> <span class='ocrx_word' id='word_1_62' title='bbox 373 1194 616 1259; x_wconf 83' lang='lat' dir='ltr'><strong>scholiastarum</strong></span> <span class='ocrx_word' id='word_1_63' title='bbox 638 1193 715 1258; x_wconf 89' lang='lat' dir='ltr'><strong>locis</strong></span> <span class='ocrx_word' id='word_1_64' title='bbox 734 1192 891 1274; x_wconf 87' lang='lat' dir='ltr'><strong>omnibus,</strong></span> <span class='ocrx_word' id='word_1_65' title='bbox 916 1188 1072 1274; x_wconf 77' lang='lat' dir='ltr'><strong>singulari</strong></span> <span class='ocrx_word' id='word_1_66' title='bbox 1094 1207 1227 1250; x_wconf 90' lang='lat' dir='ltr'><strong>numero</strong></span> <span class='ocrx_word' id='word_1_67' title='bbox 1249 1185 1393 1268; x_wconf 82' lang='lat' dir='ltr'><strong>legatur·</strong></span> 
     </span>
     <span class='ocr_line' id='line_1_9' title="bbox 234 1296 1376 1390; baseline -0.01 -21"><span class='ocrx_word' id='word_1_68' title='bbox 234 1316 356 1385; x_wconf 85' lang='lat' dir='ltr'><strong>porlnm</strong></span> <span class='ocrx_word' id='word_1_69' title='bbox 384 1309 583 1385; x_wconf 76' lang='lat' dir='ltr'><strong>Esquilinam.</strong></span> <span class='ocrx_word' id='word_1_70' title='bbox 630 1303 747 1390; x_wconf 79' lang='lat' dir='ltr'><strong>[purius</strong></span> <span class='ocrx_word' id='word_1_71' title='bbox 775 1309 947 1384; x_wconf 80' lang='lat' dir='ltr'><strong>Esquilinus</strong></span> <span class='ocrx_word' id='word_1_72' title='bbox 978 1300 1069 1362; x_wconf 89' lang='lat' dir='ltr'><strong>video</strong></span> <span class='ocrx_word' id='word_1_73' title='bbox 1096 1301 1205 1363; x_wconf 89' lang='lat' dir='ltr'><strong>tamen</strong></span> <span class='ocrx_word' id='word_1_74' title='bbox 1227 1318 1313 1360; x_wconf 88' lang='lat' dir='ltr'><strong>nune</strong></span> <span class='ocrx_word' id='word_1_75' title='bbox 1336 1296 1376 1359; x_wconf 89' lang='lat' dir='ltr'><strong>ab</strong></span> 
     </span>
     <span class='ocr_line' id='line_1_10' title="bbox 237 1409 1376 1498; baseline -0.009 -20"><span class='ocrx_word' id='word_1_76' title='bbox 237 1415 412 1480; x_wconf 90' lang='lat' dir='ltr'><strong>Hauthalio</strong></span> <span class='ocrx_word' id='word_1_77' title='bbox 441 1416 600 1480; x_wconf 87' lang='lat' dir='ltr'><strong>editurae</strong></span> <span class='ocrx_word' id='word_1_78' title='bbox 624 1414 807 1498; x_wconf 83' lang='lat' dir='ltr'><strong>codicibus]</strong></span> <span class='ocrx_word' id='word_1_79' title='bbox 854 1413 974 1477; x_wconf 81' lang='lat' dir='ltr'><strong>Contra</strong></span> <span class='ocrx_word' id='word_1_80' title='bbox 1007 1412 1088 1474; x_wconf 90' lang='lat' dir='ltr'><strong>miro</strong></span> <span class='ocrx_word' id='word_1_81' title='bbox 1122 1409 1215 1473; x_wconf 92' lang='lat' dir='ltr'><strong>modo</strong></span> <span class='ocrx_word' id='word_1_82' title='bbox 1248 1428 1376 1472; x_wconf 88' lang='lat' dir='ltr'><strong>securus</strong></span> 
     </span>
     <span class='ocr_line' id='line_1_11' title="bbox 238 1518 1376 1612; baseline -0.01 -22"><span class='ocrx_word' id='word_1_83' title='bbox 238 1527 321 1591; x_wconf 92' lang='lat' dir='ltr'><strong>idem</strong></span> <span class='ocrx_word' id='word_1_84' title='bbox 349 1526 403 1590; x_wconf 92' lang='lat' dir='ltr'><strong>ille</strong></span> <span class='ocrx_word' id='word_1_85' title='bbox 431 1525 529 1592; x_wconf 89' lang='lat' dir='ltr'><strong>Piahs</strong></span> <span class='ocrx_word' id='word_1_86' title='bbox 552 1527 590 1591; x_wconf 92' lang='lat' dir='ltr'><strong>de</strong></span> <span class='ocrx_word' id='word_1_87' title='bbox 618 1526 807 1612; x_wconf 82' lang='lat' dir='ltr'><strong>gravissimo</strong></span> <span class='ocrx_word' id='word_1_88' title='bbox 829 1525 966 1609; x_wconf 90' lang='lat' dir='ltr'><strong>quodam</strong></span> <span class='ocrx_word' id='word_1_89' title='bbox 989 1523 1178 1607; x_wconf 83' lang='lat' dir='ltr'><strong>argumento</strong></span> <span class='ocrx_word' id='word_1_90' title='bbox 1200 1518 1279 1601; x_wconf 84' lang='lat' dir='ltr'><strong>fuit,</strong></span> <span class='ocrx_word' id='word_1_91' title='bbox 1314 1539 1376 1601; x_wconf 90' lang='lat' dir='ltr'><strong>quo</strong></span> 
     </span>
     <span class='ocr_line' id='line_1_12' title="bbox 239 1629 1375 1722; baseline -0.011 -21"><span class='ocrx_word' id='word_1_92' title='bbox 239 1638 389 1703; x_wconf 81' lang='lat' dir='ltr'><strong>adversus</strong></span> <span class='ocrx_word' id='word_1_93' title='bbox 417 1659 486 1720; x_wconf 83' lang='lat' dir='ltr'><strong>eos,</strong></span> <span class='ocrx_word' id='word_1_94' title='bbox 516 1639 570 1722; x_wconf 89' lang='lat' dir='ltr'><strong>qui</strong></span> <span class='ocrx_word' id='word_1_95' title='bbox 602 1661 668 1703; x_wconf 91' lang='lat' dir='ltr'><strong>non</strong></span> <span class='ocrx_word' id='word_1_96' title='bbox 696 1638 823 1701; x_wconf 85' lang='lat' dir='ltr'><strong>differre</strong></span> <span class='ocrx_word' id='word_1_97' title='bbox 846 1635 887 1700; x_wconf 90' lang='lat' dir='ltr'><strong>ab</strong></span> <span class='ocrx_word' id='word_1_98' title='bbox 908 1633 1076 1719; x_wconf 81' lang='lat' dir='ltr'><strong>Esquilina</strong></span> <span class='ocrx_word' id='word_1_99' title='bbox 1098 1629 1283 1694; x_wconf 78' lang='lat' dir='ltr'><strong>Plautinum</strong></span> <span class='ocrx_word' id='word_1_100' title='bbox 1304 1649 1375 1712; x_wconf 88' lang='lat' dir='ltr'><strong>por-</strong></span> 
     </span>
     <span class='ocr_line' id='line_1_13' title="bbox 237 1741 1375 1832; baseline -0.009 -20"><span class='ocrx_word' id='word_1_101' title='bbox 237 1753 303 1812; x_wconf 84' lang='lat' dir='ltr'><strong>tam</strong></span> <span class='ocrx_word' id='word_1_102' title='bbox 326 1748 597 1832; x_wconf 82' lang='lat' dir='ltr'><strong>existimaverant,</strong></span> <span class='ocrx_word' id='word_1_103' title='bbox 620 1748 684 1812; x_wconf 88' lang='lat' dir='ltr'><strong>iam</strong></span> <span class='ocrx_word' id='word_1_104' title='bbox 699 1747 861 1812; x_wconf 87' lang='lat' dir='ltr'><strong>Nardinus</strong></span> <span class='ocrx_word' id='word_1_105' title='bbox 883 1769 958 1811; x_wconf 90' lang='lat' dir='ltr'><strong>usus</strong></span> <span class='ocrx_word' id='word_1_106' title='bbox 981 1746 1061 1828; x_wconf 83' lang='lat' dir='ltr'><strong>erat,</strong></span> <span class='ocrx_word' id='word_1_107' title='bbox 1086 1741 1247 1807; x_wconf 89' lang='lat' dir='ltr'><strong>commode</strong></span> <span class='ocrx_word' id='word_1_108' title='bbox 1269 1743 1375 1802; x_wconf 89' lang='lat' dir='ltr'><strong>autem</strong></span> 
     </span>
     <span class='ocr_line' id='line_1_14' title="bbox 237 1855 1375 1944; baseline -0.008 -23"><span class='ocrx_word' id='word_1_109' title='bbox 237 1859 283 1922; x_wconf 88' lang='lat' dir='ltr'><strong>uti</strong></span> <span class='ocrx_word' id='word_1_110' title='bbox 311 1858 458 1943; x_wconf 86' lang='lat' dir='ltr'><strong>Nibbyus</strong></span> <span class='ocrx_word' id='word_1_111' title='bbox 486 1861 601 1944; x_wconf 87' lang='lat' dir='ltr'><strong>potuit.</strong></span> <span class='ocrx_word' id='word_1_112' title='bbox 647 1858 708 1935; x_wconf 83' lang='lat' dir='ltr'><strong>Qui</strong></span> <span class='ocrx_word' id='word_1_113' title='bbox 736 1881 807 1923; x_wconf 91' lang='lat' dir='ltr'><strong>cum</strong></span> <span class='ocrx_word' id='word_1_114' title='bbox 834 1857 929 1922; x_wconf 88' lang='lat' dir='ltr'><strong>unius</strong></span> <span class='ocrx_word' id='word_1_115' title='bbox 957 1855 1144 1940; x_wconf 76' lang='lat' dir='ltr'><strong>Esquilinae</strong></span> <span class='ocrx_word' id='word_1_116' title='bbox 1172 1855 1282 1936; x_wconf 86' lang='lat' dir='ltr'><strong>portae</strong></span> <span class='ocrx_word' id='word_1_117' title='bbox 1305 1871 1375 1934; x_wconf 91' lang='lat' dir='ltr'><strong>pro—</strong></span> 
     </span>
     <span class='ocr_line' id='line_1_15' title="bbox 235 1962 1480 2060; baseline -0.007 -28"><span class='ocrx_word' id='word_1_118' title='bbox 235 1969 305 2054; x_wconf 90' lang='lat' dir='ltr'><strong>pria</strong></span> <span class='ocrx_word' id='word_1_119' title='bbox 333 1971 432 2034; x_wconf 86' lang='lat' dir='ltr'><strong>fuisse</strong></span> <span class='ocrx_word' id='word_1_120' title='bbox 460 1971 606 2054; x_wconf 88' lang='lat' dir='ltr'><strong>sepulcra</strong></span> <span class='ocrx_word' id='word_1_121' title='bbox 634 1973 784 2054; x_wconf 78' lang='lat' dir='ltr'><strong>negaret,</strong></span> <span class='ocrx_word' id='word_1_122' title='bbox 814 1969 957 2054; x_wconf 81' lang='lat' dir='ltr'><strong>negabat</strong></span> <span class='ocrx_word' id='word_1_123' title='bbox 979 1969 1062 2052; x_wconf 84' lang='lat' dir='ltr'><strong>quod</strong></span> <span class='ocrx_word' id='word_1_124' title='bbox 1085 1987 1144 2030; x_wconf 91' lang='lat' dir='ltr'><strong>nec</strong></span> <span class='ocrx_word' id='word_1_125' title='bbox 1167 1962 1377 2029; x_wconf 87' lang='lat' dir='ltr'><strong>contenderat</strong></span> <span class='ocrx_word' id='word_1_126' title='bbox 1464 2039 1480 2060; x_wconf 35' lang='grc' dir='ltr'><em>Ι</em></span> 
     </span>
     <span class='ocr_line' id='line_1_16' title="bbox 234 2072 1375 2166; baseline -0.007 -23"><span class='ocrx_word' id='word_1_127' title='bbox 234 2081 409 2165; x_wconf 83' lang='lat' dir='ltr'><strong>quisquam</strong></span> <span class='ocrx_word' id='word_1_128' title='bbox 434 2103 494 2145; x_wconf 92' lang='lat' dir='ltr'><strong>nec</strong></span> <span class='ocrx_word' id='word_1_129' title='bbox 521 2082 627 2166; x_wconf 84' lang='lat' dir='ltr'><strong>potuit</strong></span> <span class='ocrx_word' id='word_1_130' title='bbox 656 2081 847 2146; x_wconf 88' lang='lat' dir='ltr'><strong>contendere</strong></span> <span class='ocrx_word' id='word_1_131' title='bbox 874 2080 909 2144; x_wconf 93' lang='lat' dir='ltr'><strong>in</strong></span> <span class='ocrx_word' id='word_1_132' title='bbox 936 2083 1028 2144; x_wconf 88' lang='lat' dir='ltr'><strong>tanta</strong></span> <span class='ocrx_word' id='word_1_133' title='bbox 1053 2077 1268 2162; x_wconf 85' lang='lat' dir='ltr'><strong>exemplorum</strong></span> <span class='ocrx_word' id='word_1_134' title='bbox 1297 2072 1375 2136; x_wconf 91' lang='lat' dir='ltr'><strong>mul-</strong></span> 
     </span>
     <span class='ocr_line' id='line_1_17' title="bbox 239 2185 1375 2277; baseline -0.006 -23"><span class='ocrx_word' id='word_1_135' title='bbox 239 2191 390 2256; x_wconf 86' lang='lat' dir='ltr'><strong>titudine:</strong></span> <span class='ocrx_word' id='word_1_136' title='bbox 431 2193 632 2277; x_wconf 87' lang='lat' dir='ltr'><strong>pauperculis</strong></span> <span class='ocrx_word' id='word_1_137' title='bbox 660 2193 746 2256; x_wconf 91' lang='lat' dir='ltr'><strong>enim</strong></span> <span class='ocrx_word' id='word_1_138' title='bbox 775 2190 964 2276; x_wconf 82' lang='lat' dir='ltr'><strong>sepeliendis</strong></span> <span class='ocrx_word' id='word_1_139' title='bbox 993 2195 1024 2254; x_wconf 89' lang='lat' dir='ltr'><strong>et</strong></span> <span class='ocrx_word' id='word_1_140' title='bbox 1052 2191 1162 2254; x_wconf 88' lang='lat' dir='ltr'><strong>infimo</strong></span> <span class='ocrx_word' id='word_1_141' title='bbox 1192 2186 1262 2252; x_wconf 92' lang='lat' dir='ltr'><strong>loco</strong></span> <span class='ocrx_word' id='word_1_142' title='bbox 1290 2185 1375 2248; x_wconf 85' lang='lat' dir='ltr'><strong>natis</strong></span> 
     </span>
     <span class='ocr_line' id='line_1_18' title="bbox 236 2296 1376 2388; baseline 0.003 -23"><span class='ocrx_word' id='word_1_143' title='bbox 236 2301 433 2367; x_wconf 88' lang='lat' dir='ltr'><strong>destinatum</strong></span> <span class='ocrx_word' id='word_1_144' title='bbox 456 2325 603 2388; x_wconf 90' lang='lat' dir='ltr'><strong>campum</strong></span> <span class='ocrx_word' id='word_1_145' title='bbox 625 2303 829 2388; x_wconf 85' lang='lat' dir='ltr'><strong>Esquilinum</strong></span> <span class='ocrx_word' id='word_1_146' title='bbox 851 2303 1007 2366; x_wconf 85' lang='lat' dir='ltr'><strong>dixerant.</strong></span> <span class='ocrx_word' id='word_1_147' title='bbox 1051 2301 1095 2365; x_wconf 85' lang='lat' dir='ltr'><strong>Et</strong></span> <span class='ocrx_word' id='word_1_148' title='bbox 1118 2311 1225 2366; x_wconf 89' lang='lat' dir='ltr'><strong>tamen</strong></span> <span class='ocrx_word' id='word_1_149' title='bbox 1247 2324 1284 2366; x_wconf 89' lang='lat' dir='ltr'><strong>ea</strong></span> <span class='ocrx_word' id='word_1_150' title='bbox 1306 2296 1376 2382; x_wconf 88' lang='lat' dir='ltr'><strong>ipsa</strong></span> 
     </span>
     <span class='ocr_line' id='line_1_19' title="bbox 235 2399 1375 2500; baseline 0.001 -23"><span class='ocrx_word' id='word_1_151' title='bbox 235 2436 331 2498; x_wconf 90' lang='lat' dir='ltr'><strong>quam</strong></span> <span class='ocrx_word' id='word_1_152' title='bbox 352 2415 566 2500; x_wconf 84' lang='lat' dir='ltr'><strong>impugnabat</strong></span> <span class='ocrx_word' id='word_1_153' title='bbox 595 2399 755 2479; x_wconf 82' lang='lat' dir='ltr'><strong>sententia</strong></span> <span class='ocrx_word' id='word_1_154' title='bbox 783 2415 861 2478; x_wconf 87' lang='lat' dir='ltr'><strong>adeo</strong></span> <span class='ocrx_word' id='word_1_155' title='bbox 883 2414 950 2478; x_wconf 88' lang='lat' dir='ltr'><strong>eius</strong></span> <span class='ocrx_word' id='word_1_156' title='bbox 972 2411 1072 2477; x_wconf 89' lang='lat' dir='ltr'><strong>menti</strong></span> <span class='ocrx_word' id='word_1_157' title='bbox 1094 2410 1270 2476; x_wconf 85' lang='lat' dir='ltr'><strong>inhaesisse</strong></span> <span class='ocrx_word' id='word_1_158' title='bbox 1292 2413 1375 2478; x_wconf 86' lang='lat' dir='ltr'><strong>vidc-</strong></span> 
     </span>
     <span class='ocr_line' id='line_1_20' title="bbox 234 2523 1376 2610; baseline 0.002 -22"><span class='ocrx_word' id='word_1_159' title='bbox 234 2528 302 2609; x_wconf 85' lang='lat' dir='ltr'><strong>tur,</strong></span> <span class='ocrx_word' id='word_1_160' title='bbox 337 2529 374 2590; x_wconf 87' lang='lat' dir='ltr'><strong>ut</strong></span> <span class='ocrx_word' id='word_1_161' title='bbox 400 2524 485 2590; x_wconf 88' lang='lat' dir='ltr'><strong>hanc</strong></span> <span class='ocrx_word' id='word_1_162' title='bbox 513 2525 712 2610; x_wconf 88' lang='lat' dir='ltr'><strong>potissimum</strong></span> <span class='ocrx_word' id='word_1_163' title='bbox 741 2526 781 2590; x_wconf 91' lang='lat' dir='ltr'><strong>ob</strong></span> <span class='ocrx_word' id='word_1_164' title='bbox 810 2547 954 2589; x_wconf 82' lang='lat' dir='ltr'><strong>caussam</strong></span> <span class='ocrx_word' id='word_1_165' title='bbox 982 2525 1091 2609; x_wconf 89' lang='lat' dir='ltr'><strong>(quam</strong></span> <span class='ocrx_word' id='word_1_166' title='bbox 1118 2524 1204 2588; x_wconf 89' lang='lat' dir='ltr'><strong>enim</strong></span> <span class='ocrx_word' id='word_1_167' title='bbox 1226 2523 1376 2590; x_wconf 88' lang='lat' dir='ltr'><strong>habuerit</strong></span> 
     </span>
     <span class='ocr_line' id='line_1_21' title="bbox 235 2635 1373 2722; baseline 0.003 -24"><span class='ocrx_word' id='word_1_168' title='bbox 235 2635 368 2722; x_wconf 84' lang='lat' dir='ltr'><strong>aliam?)</strong></span> <span class='ocrx_word' id='word_1_169' title='bbox 402 2659 467 2700; x_wconf 92' lang='lat' dir='ltr'><strong>non</strong></span> <span class='ocrx_word' id='word_1_170' title='bbox 497 2636 643 2720; x_wconf 83' lang='lat' dir='ltr'><strong>auderet,</strong></span> <span class='ocrx_word' id='word_1_171' title='bbox 677 2659 772 2722; x_wconf 88' lang='lat' dir='ltr'><strong>quam</strong></span> <span class='ocrx_word' id='word_1_172' title='bbox 804 2637 844 2700; x_wconf 88' lang='lat' dir='ltr'><strong>ab</strong></span> <span class='ocrx_word' id='word_1_173' title='bbox 868 2635 1035 2721; x_wconf 84' lang='lat' dir='ltr'><strong>Esquilina</strong></span> <span class='ocrx_word' id='word_1_174' title='bbox 1062 2635 1133 2719; x_wconf 88' lang='lat' dir='ltr'><strong>ipsa</strong></span> <span class='ocrx_word' id='word_1_175' title='bbox 1161 2635 1373 2720; x_wconf 82' lang='lat' dir='ltr'><strong>discernebat,</strong></span> 
     </span>
     <span class='ocr_line' id='line_1_22' title="bbox 235 2746 1373 2833; baseline 0.003 -24"><span class='ocrx_word' id='word_1_176' title='bbox 235 2747 367 2811; x_wconf 85' lang='lat' dir='ltr'><strong>eandem</strong></span> <span class='ocrx_word' id='word_1_177' title='bbox 389 2751 516 2832; x_wconf 85' lang='lat' dir='ltr'><strong>portam</strong></span> <span class='ocrx_word' id='word_1_178' title='bbox 538 2747 671 2813; x_wconf 85' lang='lat' dir='ltr'><strong>Metiam</strong></span> <span class='ocrx_word' id='word_1_179' title='bbox 694 2747 825 2812; x_wconf 71' lang='lat' dir='ltr'><strong>etiamn</strong></span> <span class='ocrx_word' id='word_1_180' title='bbox 842 2747 961 2811; x_wconf 89' lang='lat' dir='ltr'><strong>vicinia</strong></span> <span class='ocrx_word' id='word_1_181' title='bbox 983 2746 1170 2831; x_wconf 85' lang='lat' dir='ltr'><strong>Esquilinae</strong></span> <span class='ocrx_word' id='word_1_182' title='bbox 1193 2769 1373 2833; x_wconf 78' lang='lat' dir='ltr'><strong>segregare.</strong></span> 
     </span>
     <span class='ocr_line' id='line_1_23' title="bbox 234 2856 1372 2943; baseline 0.001 -22"><span class='ocrx_word' id='word_1_183' title='bbox 234 2856 324 2922; x_wconf 93' lang='lat' dir='ltr'><strong>Nihil</strong></span> <span class='ocrx_word' id='word_1_184' title='bbox 351 2863 460 2923; x_wconf 90' lang='lat' dir='ltr'><strong>tamen</strong></span> <span class='ocrx_word' id='word_1_185' title='bbox 489 2858 602 2924; x_wconf 89' lang='lat' dir='ltr'><strong>horum</strong></span> <span class='ocrx_word' id='word_1_186' title='bbox 630 2858 771 2922; x_wconf 88' lang='lat' dir='ltr'><strong>omnium</strong></span> <span class='ocrx_word' id='word_1_187' title='bbox 799 2859 981 2922; x_wconf 88' lang='lat' dir='ltr'><strong>doctissimo</strong></span> <span class='ocrx_word' id='word_1_188' title='bbox 1009 2856 1196 2923; x_wconf 84' lang='lat' dir='ltr'><strong>Furlanetto</strong></span> <span class='ocrx_word' id='word_1_189' title='bbox 1224 2858 1372 2943; x_wconf 87' lang='lat' dir='ltr'><strong>suboluit,</strong></span> 
     </span>
     <span class='ocr_line' id='line_1_24' title="bbox 234 2967 1375 3064; baseline 0.001 -33"><span class='ocrx_word' id='word_1_190' title='bbox 234 2971 287 3052; x_wconf 92' lang='lat' dir='ltr'><strong>qui</strong></span> <span class='ocrx_word' id='word_1_191' title='bbox 317 2969 542 3034; x_wconf 78' lang='lat' dir='ltr'><strong>additamentis</strong></span> <span class='ocrx_word' id='word_1_192' title='bbox 573 2969 613 3034; x_wconf 90' lang='lat' dir='ltr'><strong>ad</strong></span> <span class='ocrx_word' id='word_1_193' title='bbox 641 2968 810 3064; x_wconf 72' lang='lat' dir='ltr'><strong>Forcellini</strong></span> <span class='ocrx_word' id='word_1_194' title='bbox 838 2967 976 3033; x_wconf 86' lang='lat' dir='ltr'><strong>Lexicon</strong></span> <span class='ocrx_word' id='word_1_195' title='bbox 1004 2975 1129 3034; x_wconf 87' lang='lat' dir='ltr'><strong>Melium</strong></span> <span class='ocrx_word' id='word_1_196' title='bbox 1158 2968 1239 3034; x_wconf 82' lang='lat' dir='ltr'><strong>dixit</strong></span> <span class='ocrx_word' id='word_1_197' title='bbox 1261 2974 1375 3034; x_wconf 83' lang='lat' dir='ltr'><strong>Romae</strong></span> 
     </span>
     <span class='ocr_line' id='line_1_25' title="bbox 229 3079 1374 3165; baseline 0.002 -23"><span class='ocrx_word' id='word_1_198' title='bbox 229 3093 353 3158; x_wconf 79' lang='lat' dir='ltr'><strong>portum</strong></span> <span class='ocrx_word' id='word_1_199' title='bbox 376 3087 455 3144; x_wconf 77' lang='lat' dir='ltr'><strong>inter</strong></span> <span class='ocrx_word' id='word_1_200' title='bbox 477 3086 663 3161; x_wconf 76' lang='lat' dir='ltr'><strong>Esquilinam</strong></span> <span class='ocrx_word' id='word_1_201' title='bbox 685 3093 714 3146; x_wconf 86' lang='lat' dir='ltr'><strong>el</strong></span> <span class='ocrx_word' id='word_1_202' title='bbox 739 3085 1008 3159; x_wconf 73' lang='lat' dir='ltr'><strong>Querquetulanum</strong></span> <span class='ocrx_word' id='word_1_203' title='bbox 1032 3080 1143 3162; x_wconf 82' lang='lat' dir='ltr'><strong>sitam,</strong></span> <span class='ocrx_word' id='word_1_204' title='bbox 1173 3081 1267 3165; x_wconf 89' lang='lat' dir='ltr'><strong>idque</strong></span> <span class='ocrx_word' id='word_1_205' title='bbox 1296 3079 1374 3144; x_wconf 92' lang='lat' dir='ltr'><strong>Nib-</strong></span> 
     </span>
     <span class='ocr_line' id='line_1_26' title="bbox 236 3187 1373 3272; baseline 0.004 -21"><span class='ocrx_word' id='word_1_206' title='bbox 236 3187 331 3272; x_wconf 89' lang='lat' dir='ltr'><strong>byum</strong></span> <span class='ocrx_word' id='word_1_207' title='bbox 346 3191 600 3256; x_wconf 85' lang='lat' dir='ltr'><strong>demonstrasse:</strong></span> <span class='ocrx_word' id='word_1_208' title='bbox 623 3193 737 3256; x_wconf 87' lang='lat' dir='ltr'><strong>utiam</strong></span> <span class='ocrx_word' id='word_1_209' title='bbox 758 3191 932 3256; x_wconf 81' lang='lat' dir='ltr'><strong>verendrna</strong></span> <span class='ocrx_word' id='word_1_210' title='bbox 955 3191 1059 3255; x_wconf 87' lang='lat' dir='ltr'><strong>sitne</strong></span> <span class='ocrx_word' id='word_1_211' title='bbox 1080 3189 1177 3254; x_wconf 89' lang='lat' dir='ltr'><strong>latius</strong></span> <span class='ocrx_word' id='word_1_212' title='bbox 1200 3213 1288 3256; x_wconf 90' lang='lat' dir='ltr'><strong>error</strong></span> <span class='ocrx_word' id='word_1_213' title='bbox 1311 3214 1373 3256; x_wconf 89' lang='lat' dir='ltr'><strong>ser-</strong></span> 
     </span>
     <span class='ocr_line' id='line_1_27' title="bbox 235 3301 1372 3390; baseline 0.006 -28"><span class='ocrx_word' id='word_1_214' title='bbox 235 3303 301 3382; x_wconf 88' lang='lat' dir='ltr'><strong>pat.</strong></span> <span class='ocrx_word' id='word_1_215' title='bbox 333 3301 454 3366; x_wconf 80' lang='lat' dir='ltr'><strong>Oontra</strong></span> <span class='ocrx_word' id='word_1_216' title='bbox 475 3301 597 3368; x_wconf 88' lang='lat' dir='ltr'><strong>Pialem</strong></span> <span class='ocrx_word' id='word_1_217' title='bbox 620 3307 727 3368; x_wconf 84' lang='lat' dir='ltr'><strong>autem</strong></span> <span class='ocrx_word' id='word_1_218' title='bbox 748 3303 832 3388; x_wconf 86' lang='lat' dir='ltr'><strong>quod</strong></span> <span class='ocrx_word' id='word_1_219' title='bbox 855 3303 991 3367; x_wconf 86' lang='lat' dir='ltr'><strong>diximus</strong></span> <span class='ocrx_word' id='word_1_220' title='bbox 1006 3301 1180 3390; x_wconf 83' lang='lat' dir='ltr'><strong>Nardini*)</strong></span> <span class='ocrx_word' id='word_1_221' title='bbox 1204 3325 1372 3389; x_wconf 80' lang='lat' dir='ltr'><strong>argumen-</strong></span> 
     </span>
     <span class='ocr_line' id='line_1_28' title="bbox 235 3411 1373 3499; baseline 0.006 -26"><span class='ocrx_word' id='word_1_222' title='bbox 235 3413 303 3474; x_wconf 91' lang='lat' dir='ltr'><strong>tum</strong></span> <span class='ocrx_word' id='word_1_223' title='bbox 325 3411 446 3496; x_wconf 80' lang='lat' dir='ltr'><strong>valere‚</strong></span> <span class='ocrx_word' id='word_1_224' title='bbox 475 3413 507 3478; x_wconf 89' lang='lat' dir='ltr'><strong>id</strong></span> <span class='ocrx_word' id='word_1_225' title='bbox 530 3415 569 3477; x_wconf 87' lang='lat' dir='ltr'><strong>ad</strong></span> <span class='ocrx_word' id='word_1_226' title='bbox 592 3413 803 3480; x_wconf 73' lang='lat' dir='ltr'><strong>Cleostratam</strong></span> <span class='ocrx_word' id='word_1_227' title='bbox 825 3414 1009 3478; x_wconf 81' lang='lat' dir='ltr'><strong>Plautinum</strong></span> <span class='ocrx_word' id='word_1_228' title='bbox 1032 3417 1173 3499; x_wconf 85' lang='lat' dir='ltr'><strong>spectat,</strong></span> <span class='ocrx_word' id='word_1_229' title='bbox 1208 3416 1296 3480; x_wconf 88' lang='lat' dir='ltr'><strong>euius</strong></span> <span class='ocrx_word' id='word_1_230' title='bbox 1318 3417 1373 3480; x_wconf 90' lang='lat' dir='ltr'><strong>ille</strong></span> 
     </span>
     <span class='ocr_line' id='line_1_29' title="bbox 234 3523 1373 3610; baseline 0.007 -27"><span class='ocrx_word' id='word_1_231' title='bbox 234 3523 365 3604; x_wconf 85' lang='lat' dir='ltr'><strong>negavit</strong></span> <span class='ocrx_word' id='word_1_232' title='bbox 388 3544 458 3588; x_wconf 85' lang='lat' dir='ltr'><strong>eam</strong></span> <span class='ocrx_word' id='word_1_233' title='bbox 481 3525 699 3590; x_wconf 86' lang='lat' dir='ltr'><strong>condicionem</strong></span> <span class='ocrx_word' id='word_1_234' title='bbox 720 3525 830 3609; x_wconf 86' lang='lat' dir='ltr'><strong>fuisse,</strong></span> <span class='ocrx_word' id='word_1_235' title='bbox 854 3529 890 3588; x_wconf 90' lang='lat' dir='ltr'><strong>ut</strong></span> <span class='ocrx_word' id='word_1_236' title='bbox 911 3547 982 3590; x_wconf 87' lang='lat' dir='ltr'><strong>curn</strong></span> <span class='ocrx_word' id='word_1_237' title='bbox 1003 3525 1197 3610; x_wconf 87' lang='lat' dir='ltr'><strong>pauperibus</strong></span> <span class='ocrx_word' id='word_1_238' title='bbox 1220 3530 1252 3590; x_wconf 90' lang='lat' dir='ltr'><strong>ct</strong></span> <span class='ocrx_word' id='word_1_239' title='bbox 1274 3528 1373 3592; x_wconf 85' lang='lat' dir='ltr'><strong>servis</strong></span> 
     </span>
    </p>
   </div>
   <div class='ocr_carea' id='block_1_3' title="bbox 237 3719 437 3732">
    <p class='ocr_par' dir='ltr' id='par_1_3' title="bbox 237 3719 437 3732">
     <span class='ocr_line' id='line_1_30' title="bbox 237 3719 437 3732; baseline 0.005 -2"><span class='ocrx_word' id='word_1_240' title='bbox 237 3719 437 3732; x_wconf 58' lang='lat' dir='ltr'><strong>——a</strong></span> 
     </span>
    </p>
   </div>
   <div class='ocr_carea' id='block_1_4' title="bbox 234 3845 1374 4484">
    <p class='ocr_par' dir='ltr' id='par_1_4' title="bbox 234 3845 1374 4484">
     <span class='ocr_line' id='line_1_31' title="bbox 302 3845 1374 3922; baseline 0.007 -21"><span class='ocrx_word' id='word_1_241' title='bbox 302 3845 327 3912; x_wconf 88' lang='grc'><strong>*)</strong></span> <span class='ocrx_word' id='word_1_242' title='bbox 346 3846 387 3902; x_wconf 85' lang='lat' dir='ltr'><strong>Lo</strong></span> <span class='ocrx_word' id='word_1_243' title='bbox 405 3847 508 3917; x_wconf 82' lang='lat' dir='ltr'><strong>Melia,</strong></span> <span class='ocrx_word' id='word_1_244' title='bbox 527 3847 580 3916; x_wconf 85' lang='lat' dir='ltr'><strong>ait,</strong></span> <span class='ocrx_word' id='word_1_245' title='bbox 600 3851 631 3908; x_wconf 84' lang='lat' dir='ltr'><strong>di</strong></span> <span class='ocrx_word' id='word_1_246' title='bbox 646 3855 695 3909; x_wconf 87' lang='lat' dir='ltr'><strong>rui</strong></span> <span class='ocrx_word' id='word_1_247' title='bbox 711 3851 788 3908; x_wconf 84' lang='lat' dir='ltr'><strong>disse</strong></span> <span class='ocrx_word' id='word_1_248' title='bbox 805 3851 908 3909; x_wconf 80' lang='lat' dir='ltr'><strong>Plauto</strong></span> <span class='ocrx_word' id='word_1_249' title='bbox 928 3851 1002 3908; x_wconf 85' lang='lat' dir='ltr'><strong>nella</strong></span> <span class='ocrx_word' id='word_1_250' title='bbox 1021 3851 1142 3909; x_wconf 83' lang='lat' dir='ltr'><strong>Casina:</strong></span> <span class='ocrx_word' id='word_1_251' title='bbox 1171 3851 1255 3910; x_wconf 87' lang='lat' dir='ltr'><strong>Illum</strong></span> <span class='ocrx_word' id='word_1_252' title='bbox 1274 3854 1374 3922; x_wconf 83' lang='lat' dir='ltr'><strong>edepol</strong></span> 
     </span>
     <span class='ocr_line' id='line_1_32' title="bbox 235 3943 1371 4014; baseline 0.01 -23"><span class='ocrx_word' id='word_1_253' title='bbox 235 3955 257 3992; x_wconf 85' lang='lat' dir='ltr'><strong>a.</strong></span> <span class='ocrx_word' id='word_1_254' title='bbox 278 3956 303 4007; x_wconf 89' lang='lat' dir='ltr'><strong>q.</strong></span> <span class='ocrx_word' id='word_1_255' title='bbox 324 3959 355 4006; x_wconf 82' lang='lat' dir='ltr'><strong>s,</strong></span> <span class='ocrx_word' id='word_1_256' title='bbox 380 3943 418 3998; x_wconf 88' lang='lat' dir='ltr'><strong>du</strong></span> <span class='ocrx_word' id='word_1_257' title='bbox 440 3945 491 4000; x_wconf 76' lang='lat' dir='ltr'><strong>elie</strong></span> <span class='ocrx_word' id='word_1_258' title='bbox 513 3952 678 4014; x_wconf 64' lang='lat' dir='ltr'><strong>ornamenta</strong></span> <span class='ocrx_word' id='word_1_259' title='bbox 702 3946 723 4001; x_wconf 90' lang='lat' dir='ltr'><strong>il</strong></span> <span class='ocrx_word' id='word_1_260' title='bbox 743 3947 883 4004; x_wconf 78' lang='lat' dir='ltr'><strong>Panaima</strong></span> <span class='ocrx_word' id='word_1_261' title='bbox 906 3963 987 4004; x_wconf 81' lang='lat' dir='ltr'><strong>esser</strong></span> <span class='ocrx_word' id='word_1_262' title='bbox 1010 3953 1085 4004; x_wconf 80' lang='lat' dir='ltr'><strong>stain</strong></span> <span class='ocrx_word' id='word_1_263' title='bbox 1102 3947 1131 4002; x_wconf 88' lang='lat' dir='ltr'><strong>lo</strong></span> <span class='ocrx_word' id='word_1_264' title='bbox 1149 3949 1301 4004; x_wconf 84' lang='lat' dir='ltr'><strong>medesima</strong></span> <span class='ocrx_word' id='word_1_265' title='bbox 1318 3965 1371 4004; x_wconf 77' lang='lat' dir='ltr'><strong>corr</strong></span> 
     </span>
     <span class='ocr_line' id='line_1_33' title="bbox 234 4035 1370 4109; baseline 0.008 -22"><span class='ocrx_word' id='word_1_266' title='bbox 234 4035 421 4104; x_wconf 71' lang='lat' dir='ltr'><strong>idemtidem</strong></span> <span class='ocrx_word' id='word_1_267' title='bbox 455 4057 500 4094; x_wconf 84' lang='lat' dir='ltr'><strong>mn</strong></span> <span class='ocrx_word' id='word_1_268' title='bbox 525 4038 682 4096; x_wconf 81' lang='lat' dir='ltr'><strong>Cleostrata</strong></span> <span class='ocrx_word' id='word_1_269' title='bbox 705 4056 762 4096; x_wconf 72' lang='lat' dir='ltr'><strong>ison</strong></span> <span class='ocrx_word' id='word_1_270' title='bbox 784 4057 836 4097; x_wconf 85' lang='lat' dir='ltr'><strong>era</strong></span> <span class='ocrx_word' id='word_1_271' title='bbox 852 4057 972 4108; x_wconf 83' lang='lat' dir='ltr'><strong>ponera,</strong></span> <span class='ocrx_word' id='word_1_272' title='bbox 1004 4041 1097 4109; x_wconf 60' lang='lat' dir='ltr'><strong>dero</strong></span> <span class='ocrx_word' id='word_1_273' title='bbox 1115 4058 1183 4097; x_wconf 87' lang='lat' dir='ltr'><strong>cosa</strong></span> <span class='ocrx_word' id='word_1_274' title='bbox 1202 4048 1285 4097; x_wconf 72' lang='lat' dir='ltr'><strong>rasolo</strong></span> <span class='ocrx_word' id='word_1_275' title='bbox 1303 4043 1370 4096; x_wconf 85' lang='lat' dir='ltr'><strong>l&#39;at-</strong></span> 
     </span>
     <span class='ocr_line' id='line_1_34' title="bbox 235 4129 1370 4204; baseline 0.008 -22"><span class='ocrx_word' id='word_1_276' title='bbox 235 4129 368 4196; x_wconf 74' lang='lat' dir='ltr'><strong>trupiare</strong></span> <span class='ocrx_word' id='word_1_277' title='bbox 387 4133 398 4187; x_wconf 84' lang='lat' dir='ltr'><strong>i</strong></span> <span class='ocrx_word' id='word_1_278' title='bbox 414 4132 551 4189; x_wconf 83' lang='lat' dir='ltr'><strong>cadaueri</strong></span> <span class='ocrx_word' id='word_1_279' title='bbox 569 4136 621 4201; x_wconf 78' lang='lat' dir='ltr'><strong>piu</strong></span> <span class='ocrx_word' id='word_1_280' title='bbox 642 4134 726 4203; x_wconf 78' lang='lat' dir='ltr'><strong>fuori</strong></span> <span class='ocrx_word' id='word_1_281' title='bbox 746 4135 809 4190; x_wconf 82' lang='lat' dir='ltr'><strong>dell&#39;</strong></span> <span class='ocrx_word' id='word_1_282' title='bbox 834 4135 906 4190; x_wconf 82' lang='lat' dir='ltr'><strong>altre</strong></span> <span class='ocrx_word' id='word_1_283' title='bbox 928 4139 1024 4202; x_wconf 68' lang='lat' dir='ltr'><strong>proris,</strong></span> <span class='ocrx_word' id='word_1_284' title='bbox 1048 4134 1099 4190; x_wconf 80' lang='lat' dir='ltr'><strong>clu</strong></span> <span class='ocrx_word' id='word_1_285' title='bbox 1122 4135 1185 4190; x_wconf 83' lang='lat' dir='ltr'><strong>dell</strong></span> <span class='ocrx_word' id='word_1_286' title='bbox 1210 4136 1370 4204; x_wconf 76' lang='lat' dir='ltr'><strong>Esqieilina,</strong></span> 
     </span>
     <span class='ocr_line' id='line_1_35' title="bbox 235 4221 1372 4296; baseline 0.005 -21"><span class='ocrx_word' id='word_1_287' title='bbox 235 4221 303 4278; x_wconf 83' lang='lat' dir='ltr'><strong>done</strong></span> <span class='ocrx_word' id='word_1_288' title='bbox 322 4223 381 4278; x_wconf 85' lang='lat' dir='ltr'><strong>solo</strong></span> <span class='ocrx_word' id='word_1_289' title='bbox 398 4229 560 4291; x_wconf 71' lang='lat' dir='ltr'><strong>pallenensi</strong></span> <span class='ocrx_word' id='word_1_290' title='bbox 576 4227 648 4282; x_wconf 84' lang='lat' dir='ltr'><strong>nelle</strong></span> <span class='ocrx_word' id='word_1_291' title='bbox 665 4227 804 4284; x_wconf 85' lang='lat' dir='ltr'><strong>I’ulicule.</strong></span> <span class='ocrx_word' id='word_1_292' title='bbox 833 4229 873 4280; x_wconf 83' lang='lat' dir='ltr'><strong>Aa</strong></span> <span class='ocrx_word' id='word_1_293' title='bbox 891 4227 924 4281; x_wconf 87' lang='lat' dir='ltr'><strong>de</strong></span> <span class='ocrx_word' id='word_1_294' title='bbox 942 4225 1072 4296; x_wconf 86' lang='lat' dir='ltr'><strong>puticulis</strong></span> <span class='ocrx_word' id='word_1_295' title='bbox 1091 4224 1202 4294; x_wconf 86' lang='lat' dir='ltr'><strong>quidem</strong></span> <span class='ocrx_word' id='word_1_296' title='bbox 1220 4225 1290 4280; x_wconf 84' lang='lat' dir='ltr'><strong>miro</strong></span> <span class='ocrx_word' id='word_1_297' title='bbox 1309 4244 1372 4281; x_wconf 88' lang='lat' dir='ltr'><strong>eum</strong></span> 
     </span>
     <span class='ocr_line' id='line_1_36' title="bbox 234 4311 1371 4389; baseline 0.009 -25"><span class='ocrx_word' id='word_1_298' title='bbox 234 4311 334 4366; x_wconf 84' lang='lat' dir='ltr'><strong>fefellit</strong></span> <span class='ocrx_word' id='word_1_299' title='bbox 351 4313 457 4384; x_wconf 87' lang='lat' dir='ltr'><strong>opinio:</strong></span> <span class='ocrx_word' id='word_1_300' title='bbox 481 4317 556 4385; x_wconf 89' lang='lat' dir='ltr'><strong>qnod</strong></span> <span class='ocrx_word' id='word_1_301' title='bbox 573 4335 629 4374; x_wconf 87' lang='lat' dir='ltr'><strong>non</strong></span> <span class='ocrx_word' id='word_1_302' title='bbox 647 4321 691 4374; x_wconf 84' lang='lat' dir='ltr'><strong>est</strong></span> <span class='ocrx_word' id='word_1_303' title='bbox 708 4319 787 4374; x_wconf 87' lang='lat' dir='ltr'><strong>huius</strong></span> <span class='ocrx_word' id='word_1_304' title='bbox 805 4319 859 4374; x_wconf 87' lang='lat' dir='ltr'><strong>loci</strong></span> <span class='ocrx_word' id='word_1_305' title='bbox 877 4317 991 4374; x_wconf 88' lang='lat' dir='ltr'><strong>ulterius</strong></span> <span class='ocrx_word' id='word_1_306' title='bbox 1008 4317 1146 4389; x_wconf 85' lang='lat' dir='ltr'><strong>persequi.</strong></span> <span class='ocrx_word' id='word_1_307' title='bbox 1181 4318 1259 4384; x_wconf 90' lang='lat' dir='ltr'><strong>Quod</strong></span> <span class='ocrx_word' id='word_1_308' title='bbox 1278 4321 1371 4382; x_wconf 85' lang='lat' dir='ltr'><strong>autam</strong></span> 
     </span>
     <span class='ocr_line' id='line_1_37' title="bbox 235 4404 1183 4484; baseline 0.004 -20"><span class='ocrx_word' id='word_1_309' title='bbox 235 4404 269 4464; x_wconf 84' lang='lat' dir='ltr'><strong>de</strong></span> <span class='ocrx_word' id='word_1_310' title='bbox 288 4408 443 4466; x_wconf 84' lang='lat' dir='ltr'><strong>cremandis</strong></span> <span class='ocrx_word' id='word_1_311' title='bbox 462 4409 645 4468; x_wconf 81' lang='lat' dir='ltr'><strong>cadaveribus</strong></span> <span class='ocrx_word' id='word_1_312' title='bbox 664 4412 740 4482; x_wconf 82' lang='lat' dir='ltr'><strong>dicit,</strong></span> <span class='ocrx_word' id='word_1_313' title='bbox 759 4413 793 4470; x_wconf 85' lang='lat' dir='ltr'><strong>de</strong></span> <span class='ocrx_word' id='word_1_314' title='bbox 812 4429 845 4470; x_wconf 87' lang='lat' dir='ltr'><strong>eo</strong></span> <span class='ocrx_word' id='word_1_315' title='bbox 862 4429 975 4484; x_wconf 79' lang='lat' dir='ltr'><strong>prorsus</strong></span> <span class='ocrx_word' id='word_1_316' title='bbox 993 4430 1049 4470; x_wconf 89' lang='lat' dir='ltr'><strong>non</strong></span> <span class='ocrx_word' id='word_1_317' title='bbox 1067 4414 1183 4470; x_wconf 82' lang='lat' dir='ltr'><strong>constat.</strong></span> 
     </span>
    </p>
   </div>
   <div class='ocr_carea' id='block_1_5' title="bbox 0 0 1654 5102">
    <p class='ocr_par' dir='ltr' id='par_1_5' title="bbox 0 0 1654 5102">
     <span class='ocr_line' id='line_1_38' title="bbox 0 0 1654 5102; baseline 0 1"><span class='ocrx_word' id='word_1_318' title='bbox 0 0 1654 5102; x_wconf 95' lang='lat' dir='ltr'><strong> </strong></span> 
     </span>
    </p>
   </div>
  </div>
 </body>
</html>
