3300 5102
547 389 595 435 nu
617 385 788 434 rannerus
813 383 893 431 roni
917 379 1062 430 uonuur.
1308 349 1370 415 393

234 552 319 613 rimo
342 567 427 612 arrno
450 543 601 610 aedificiis
624 540 841 606 narrationem
863 533 998 626 XXVII,
1025 535 1079 598 ll:
1106 537 1281 596 locauerunt
1304 529 1373 587 iude

235 665 399 736 reficienda
422 677 500 736 quae
520 661 605 720 circa
635 657 740 730 soram
763 655 903 715 irrceralio
925 655 1103 726 cousumpta
1129 651 1234 716 crant,
1262 649 1373 717 septem

236 776 390 846 tabernas,
415 773 586 843 macellum,
611 771 722 828 arariam
743 767 870 841 rapiam.
905 757 990 822 Satis
1019 756 1178 820 eoneinna
1200 754 1249 815 est
1270 748 1373 812 taber·

237 901 350 944 uarum
366 879 500 962 atriique
521 876 556 940 in
572 879 704 958 utroque
719 871 902 937 testimonio
919 871 1031 934 mutua
1045 864 1174 930 relatio:
1198 862 1248 926 cui
1269 861 1374 924 autem

237 992 306 1055 loeo
329 989 477 1054 incendio
499 987 667 1070 absumpto
689 983 879 1068 respondere
906 986 1063 1046 macellum
1093 972 1258 1040 dieamus?
1300 971 1374 1034 Per-

238 1101 318 1164 mira
341 1098 462 1164 Dukeri
489 1119 580 1162 mens
608 1096 686 1180 fuit,
710 1117 773 1175 pro
799 1098 984 1173 arpentariis
1009 1094 1168 1154 macellum
1197 1091 1259 1148 elici
1280 1083 1375 1146 adno-

239 1210 350 1276 tentis.
379 1208 588 1274 Nonvidetur
600 1206 740 1270 dubitari
762 1227 865 1290 posse,
888 1204 965 1287 quin
982 1202 1068 1264 reete
1083 1196 1243 1261 Beckerus
1265 1217 1297 1278 p.
1313 1193 1376 1256 503

239 1321 432 1405 significarit
459 1340 517 1402 pro
543 1319 613 1383 foro
635 1316 808 1402 piscatorio
835 1315 869 1380 in
891 1315 1022 1398 ipsoque
1045 1309 1111 1374 eius
1138 1307 1207 1370 loeo
1229 1307 1377 1389 paratum

240 1431 407 1495 macellum
437 1451 515 1493 ease.
559 1427 683 1512 Inque
710 1427 737 1490 si
765 1426 843 1489 lanii
865 1423 1086 1504 venditabant,
1115 1418 1214 1483 habes
1236 1415 1379 1500 profecto

240 1543 275 1605 iu
303 1543 372 1605 foro
401 1540 558 1604 lanienas.
603 1537 647 1602 Et
669 1537 812 1621 apprime
839 1536 915 1600 illue
938 1532 1097 1614 convenit,
1124 1527 1208 1613 (prod
1230 1527 1264 1590 iu
1286 1525 1379 1588 Plau-

242 1652 318 1716 tinis
340 1650 457 1714 fabulis
479 1650 582 1734 pisces
605 1649 645 1712 ab
661 1649 863 1732 opsonaturis
879 1669 913 1710 re
927 1667 1002 1712 vera
1017 1645 1166 1710 emuntur
1186 1639 1220 1702 in
1235 1635 1378 1718 macello,

243 1762 331 1826 velut
352 1760 536 1826 Aululariae
558 1759 602 1843 ll,
625 1759 656 1842 8,
680 1759 715 1824 3:

438 1928 533 1986 Venio
556 1927 594 1986 aa
617 1927 782 2001 macellum,
804 1927 904 2004 rogito
927 1925 1026 2001 piscis.
1049 1927 1183 1986 indicant

438 2013 542 2072 Oaros:
567 2013 707 2090 agninam
730 2031 836 2086 caram,
860 2031 957 2070 curam
979 2011 1138 2070 bubulam:

438 2097 616 2172 Vitulinam,
639 2100 746 2172 cetum,
769 2097 933 2173 porcinam,
957 2117 1024 2156 cara
1046 2099 1155 2157 omnia.

245 2257 326 2322 Item
349 2255 497 2320 Pseuduli
520 2255 546 2364 1,
570 2257 600 2337 2,
624 2255 665 2320 30
689 2251 794 2342 [169]:

331 2407 398 2484 Ego
416 2408 497 2464 eoin
512 2405 679 2478 macellum,
702 2407 737 2463 ut
751 2405 877 2480 piscium
896 2407 1039 2483 quiequid
1058 2408 1100 2467 ibi
1123 2411 1169 2467 est
1187 2409 1283 2484 pretio
1301 2428 1384 2483 prae·
1421 2487 1423 2490 Ι

852 2491 975 2551 stinom:

248 2625 283 2687 in
309 2631 412 2704 soram
440 2625 547 2686 autern
575 2645 609 2686 se
636 2622 755 2686 iturum
780 2621 905 2686 dixerat
927 2621 1030 2688 Ballio
1052 2646 1081 2688 v.
1104 2627 1155 2689 31.
1179 2663 1221 2673 —
1243 2623 1311 2690 Nee
1333 2624 1386 2688 ob-

249 2737 324 2816 stat,
348 2733 432 2817 quod
453 2738 609 2796 basilicam
621 2743 691 2812 post
706 2740 901 2810 amentarius
915 2756 1009 2800 uaeas
1023 2747 1052 2799 cl
1062 2739 1168 2812 sorem
1188 2743 1385 2816 piacularium

249 2850 444 2909 circumdatis
471 2848 605 2908 tubanis
633 2841 740 2906 Livius
763 2843 835 2927 XL,
865 2846 905 2909 51
929 2845 1028 2908 tradit
1055 2845 1099 2908 M.
1123 2844 1386 2910 1111111111]ΝοΒί-

249 2953 371 3036 liorem,
395 2953 438 3016 M.
455 2952 585 3017 Aemilii
600 2951 718 3037 Lepidi
734 2953 768 3017 in
785 2977 919 3020 censura
935 2956 1101 3040 collegam,
1125 2955 1246 3021 locasse
1267 2979 1294 3019 a.
1309 2955 1386 3020 575:

252 3063 442 3149 cogitandus
458 3065 507 3127 est
521 3062 605 3126 enim
618 3061 679 3126 hac
695 3063 821 3128 demum
843 3088 940 3150 opera
960 3067 994 3131 iu
1016 3066 1186 3151 pristinum
1208 3066 1269 3131 fori
1285 3066 1388 3152 digni-

250 3176 351 3238 tatem
377 3173 448 3256 ille,
479 3173 513 3236 in
541 3195 603 3256 quo
629 3173 758 3238 interim
784 3176 954 3241 macellum
980 3180 1105 3242 tanturn
1135 3180 1281 3261 paratum
1309 3179 1388 3260 erat,

252 3284 339 3348 locus
362 3283 502 3348 rediisse.
531 3281 600 3347 Nec
622 3283 708 3347 enim
731 3285 769 3350 de
791 3309 873 3352 novo
895 3287 1002 3372 aliquo
1024 3287 1092 3352 foro
1114 3288 1286 3372 piscatorio
1302 3285 1388 3372 loqui

252 3395 359 3459 Livius
383 3393 467 3457 credi
498 3395 622 3477 potest:
650 3393 739 3466 euius
766 3397 894 3480 quidem
921 3398 1026 3463 verbis
1055 3399 1096 3462 ob
1124 3398 1227 3484 ipsam
1249 3397 1389 3462 locorum

252 3513 451 3578 vicinitatem
485 3511 710 3596 comprehendi
749 3509 914 3573 basilicam
946 3513 1019 3593 post
1055 3509 1255 3594 argentarias
1292 3531 1391 3574 novas

254 3627 287 3688 et
307 3625 412 3687 forum
427 3622 506 3686 illud
523 3622 667 3687 tabernis
685 3621 912 3686 circumdatum
928 3621 1091 3704 appareat.
1121 3620 1207 3695 Quae
1228 3620 1390 3704 tabernae,

254 3755 332 3818 quas
355 3731 501 3796 Fulvium
534 3732 613 3797 dicit
634 3738 801 3798 emeruisse
833 3739 863 3796 in
881 3736 1048 3814 priuatam,
1074 3730 1186 3814 quidni
1207 3733 1390 3814 potuerunt,

255 3864 293 3906 ex
323 3845 414 3926 parte
448 3845 551 3926 certe,
585 3842 732 3908 lanienae
766 3841 858 3906 esse?
901 3841 970 3905 Has
1002 3841 1102 3926 igitur
1123 3843 1267 3925 spectare
1289 3840 1392 3905 Varro

255 3952 368 4036 potuit,
394 3951 481 4016 cuius
503 3951 565 4017 hue
581 3975 597 4018 e
615 3957 723 4018 satura
737 3955 954 4038 fragmentum
964 3951 1106 4036 pertinet
1127 3975 1146 4014 u
1158 3951 1264 4016 Nonio
1285 3973 1318 4035 p.
1333 3951 1394 4015 104

257 4065 416 4126 servatum
444 4063 489 4146 [p.
512 4063 572 4127 207
597 4063 680 4148 apud
702 4063 873 4151 Riesium]:
891 4076 1057 4144 perpetum
1073 4069 1156 4141 scito,
1180 4083 1267 4141 quoru
1283 4067 1394 4127 videtis

257 4178 372 4237 Romae
403 4179 433 4236 ia
462 4177 537 4250 soro
570 4186 639 4238 aule
659 4181 797 4239 lanienas
823 4196 937 4254 pucras
953 4181 1022 4253 pr'la
1044 4180 1191 4252 aupalsim
1213 4177 1328 4236 ledere.

341 4279 508 4346 Noluimus
524 4287 629 4347 autem
645 4284 678 4348 in
695 4283 755 4349 hae
771 4305 883 4349 caussa
898 4306 935 4348 eo
949 4290 1075 4350 mucello
1097 4283 1154 4367 uti,
1179 4281 1261 4368 quod
1280 4282 1320 4346 ab
1336 4282 1393 4347 eis·

258 4389 329 4455 dem
343 4390 407 4456 illis
418 4393 601 4458 censoribus
613 4394 748 4460 Acutilio
764 4397 797 4460 et
809 4395 918 4459 Fulvio
934 4397 1127 4459 exstructum
1140 4393 1243 4458 Varro
1258 4396 1394 4462 testatus
