3300 5102
571 355 843 406 nnnnoamosas
866 353 1097 404 1111001100ιο
1343 335 1405 400 399

349 517 412 576 Nec
435 517 624 594 quisquamst
646 520 707 576 tam
731 517 782 592 pol
805 517 976 592 opulentus
1001 515 1053 591 qui
1076 514 1117 572 mi
1140 513 1269 572 obsistat
1291 511 1322 570 in
1345 511 1403 585 via,

348 603 411 662 Noc
433 606 585 680 strategus
606 623 660 662 nco
683 607 828 662 turannos
852 602 1011 678 quisquam
1033 619 1088 660 nce
1110 616 1309 677 agoranomue

349 688 411 746 Nec
433 689 607 748 demarchus
629 707 684 748 nec
706 688 878 748 comarchue
899 706 954 745 nce
976 706 1043 745 cnm
1065 688 1151 744 tanta
1172 684 1283 762 gloria,

349 771 428 842 Quin
452 774 548 848 cadat,
573 773 647 849 quin
670 774 767 848 capito
789 774 879 832 sistat
901 773 937 830 in
959 773 1019 832 vio
1042 771 1083 829 do
1106 771 1252 832 semita.

265 921 358 987 Vnde
386 922 484 986 etiarn
510 923 545 986 in
575 921 768 986 contrariam
801 924 925 1005 partem
952 927 1049 986 sciens
1076 925 1114 984 de
1141 926 1190 984 via
1213 925 1243 984 in
1271 923 1403 982 semitam
1423 928 1449 978 vr

264 1038 432 1113 depredere
453 1032 516 1097 diei
538 1031 644 1116 potuit
666 1032 802 1097 Casinas
824 1031 889 1114 III,
913 1033 944 1114 5,
967 1031 1019 1095 40.
1064 1029 1158 1094 quta
1180 1029 1284 1114 posita
1305 1027 1404 1093 habes

265 1142 444 1207 Trinummi
465 1143 526 1206 481
551 1146 703 1208 Decedam
726 1163 781 1221 epo
802 1148 851 1207 1111·
863 1148 902 1207 de
916 1149 981 1220 vic,
1007 1147 1044 1205 de
1065 1147 1180 1218 semita,
1204 1139 1362 1203 Rudentis
1378 1138 1403 1220 1,

265 1255 296 1338 3,
319 1253 363 1319 30
394 1260 448 1333 qui
477 1258 552 1318 milri
578 1275 618 1318 ex
646 1258 694 1318 leis
720 1259 796 1319 loeis
824 1259 884 1318 Ant
912 1261 991 1317 viam
1019 1264 1073 1317 aul
1094 1257 1229 1316 semitam
1251 1261 1403 1316 monstret.

267 1363 491 1451 [Apertissime
518 1386 589 1428 eam
616 1363 829 1428 differentiam
855 1363 980 1428 Ennius
1009 1362 1152 1427 declarat
1174 1361 1207 1424 in
1231 1360 1403 1425 Telamone

265 1498 294 1540 v.
323 1475 387 1539 274
420 1473 532 1540 Rieu:
573 1477 630 1551 Qui
659 1481 716 1539 siti
750 1481 883 1539 semitam
921 1495 981 1538 non
1018 1479 1155 1554 sapiunt,
1194 1477 1286 1536 elteri
1318 1493 1400 1536 mon·

264 1597 364 1651 strant
385 1585 489 1672 olom]

349 1755 473 1821 Scaena
494 1755 542 1819 Ill
571 1759 661 1820 actus
683 1756 715 1820 ll
743 1755 775 1819 hi
798 1759 874 1820 sunt
895 1753 1104 1838 Demiphonis
1126 1758 1160 1818 et
1181 1753 1311 1820 Charini
1341 1773 1404 1816 ser-

266 1889 375 1932 mones
398 1889 426 1930 v.
450 1867 493 1932 50
516 1863 618 1953 [38712
1141 1862 1147 1870 ’

307 2027 388 2086 Dan.
418 2025 497 2095 Quin
519 2044 575 2102 ego
598 2025 676 2084 hune
699 2025 859 2102 adgredior
881 2026 917 2084 de
939 2025 1012 2083 illa?
1055 2023 1130 2084 Can.
1161 2028 1234 2101 quin
1257 2043 1313 2098 ego
1336 2023 1404 2081 hine

422 2180 427 2198 ‚
872 2131 918 2170 me
941 2111 1089 2170 amolior?

413 2197 457 2254 llo
481 2215 535 2272 ego
558 2199 602 2270 ut,
625 2217 701 2272 (puae
722 2197 874 2270 mandata,
898 2198 1009 2256 anricus
1033 2196 1135 2255 amieis
1158 2196 1283 2254 tradem.
1322 2195 1402 2254 Dan.

870 2282 960 2342 immo
983 2302 1079 2341 11111110.

264 2428 344 2506 Quid
384 2429 514 2494 nutem?
560 2437 683 2494 tradere
721 2430 873 2496 mandata
910 2430 981 2515 quis
1019 2453 1170 2516 umquam
1213 2451 1285 2494 eum
1322 2429 1404 2492 dixit

264 2542 317 2625 qui
340 2541 440 2606 efficit
466 2541 516 2604 vel
544 2541 749 2625 exsequitur?
792 2541 915 2606 Deinde
943 2564 1023 2626 quac
1054 2542 1183 2606 tandem
1212 2541 1245 2605 in
1274 2539 1403 2623 negotio

263 2652 409 2716 obeundo
432 2651 591 2716 amicitiae
613 2652 744 2736 partes?
771 2652 852 2736 quod
874 2653 1039 2738 negotium
1061 2674 1156 2737 quam
1180 2652 1220 2714 ab
1243 2651 1402 2714 amicitiae

264 2764 377 2826 affectu
401 2762 580 2827 seiunctum
609 2763 722 2845 fuerit,
754 2763 833 2827 satis
860 2764 916 2828 illa
945 2765 1060 2828 docent
1088 2762 1203 2848 quibus
1232 2762 1402 2826 eorundem

262 2874 383 2938 mentio
405 2873 628 2937 mandatorum
651 2874 738 2937 faeta
760 2876 809 2938 est
831 2895 859 2938 v.
883 2873 926 2940 40
948 2873 1051 2962 [376];

348 3033 429 3092 Dan.
451 3026 542 3109 'Ergo
566 3033 672 3108 edepol
694 3033 803 3108 pallos:
827 3033 851 3093 si
866 3033 975 3110 soprius,
999 3053 1048 3092 cas
1071 3053 1104 3092 ac
1127 3031 1285 3091 decumbas
1309 3031 1400 3092 domi.

349 3117 424 3176 Oua.
454 3115 557 3176 Otium
580 3137 641 3177 non
663 3121 724 3177 est:
748 3119 897 3178 mandatis
920 3119 1009 3177 rebus
1031 3120 1185 3193 praevorti
1207 3119 1285 3178 volo.

347 3203 428 3262 Dnu.
452 3200 523 3261 Cras
547 3203 644 3280 agito,
666 3204 807 3279 perendie
831 3205 922 3281 agito,
968 3203 1044 3262 Cur.
1068 3224 1155 3280 saepe
1178 3223 1212 3262 ex
1236 3207 1266 3262 10
1289 3203 1400 3274 audivi,

868 3293 970 3364 pater:

451 3373 505 3433 Rei
527 3373 686 3434 mandatae
709 3375 805 3434 omnis
821 3375 966 3450 sapientis
982 3375 1112 3450 primum
1127 3375 1278 3451 praevorti
1302 3374 1400 3450 decet3

262 3517 336 3586 item
360 3521 498 3588 1111101.
525 3523 584 3588 125
608 3519 710 3610 [4631

345 3681 467 3741 Meliust
489 3683 528 3756 te,
552 3701 628 3758 quac
651 3685 722 3742 sunt
744 3683 901 3743 mandatae
922 3699 969 3742 res
991 3683 1057 3758 tibi,
1083 3641 1138 3762 [10]Ι
1153 3681 1347 3759 praevortior.

263 3829 368 3914 Atque
389 3831 425 3893 ut
446 3829 506 3894 hoo
530 3851 620 3895 versu
642 3843 811 3930 quaesunt
830 3837 995 3897 mandatae
1016 3830 1135 3896 dictum
1157 3835 1215 3918 est,
1238 3833 1284 3897 ita
1307 3831 1341 3896 in
1363 3854 1400 3896 eo

262 3940 315 4023 qui
337 3961 363 4004 s.
387 3962 412 4005 0.
437 3963 463 4005 0.
487 3962 616 4024 prorsus
639 3942 852 4008 necessarium
875 3945 946 4008 erat
966 3964 1046 4022 qaae
1061 3954 1131 4008 suat
1151 3948 1310 4027 mandato,
1334 3965 1399 4008 non

262 4071 339 4128 quae
359 4057 524 4136 mandata,
553 4052 635 4137 quod
657 4073 759 4138 genua
782 4075 802 4118 a
823 4053 974 4119 Plautino
1002 4073 1147 4120 sermone
1170 4053 1400 4119 alienissimum

262 4162 318 4224 est.
349 4159 410 4225 His
425 4165 538 4246 qrrarta
560 4163 685 4228 accedit
705 4165 838 4230 metrica
859 4165 962 4230 labes:
985 4187 1060 4230 nem
1082 4187 1142 4230 nec
1164 4186 1222 4250 per
1243 4187 1277 4229 se
1299 4166 1400 4251 proba

261 4272 310 4334 est
331 4269 393 4335 ista
416 4272 534 4356 dactyli
556 4273 670 4338 incisio
691 4306 709 4336 1
726 4319 744 4338 ..
763 4283 767 4354 Ι
787 4319 805 4338 2
823 4307 840 4338 1
858 4321 876 4338 .
904 4277 939 4340 111
961 4283 1076 4342 amicus
1097 4281 1217 4361 amieis,
1247 4298 1308 4341 nec
1335 4277 1400 4342 ullo

260 4381 352 4447 modo
375 4383 549 4448 tolerabilis
571 4385 606 4448 in
630 4406 760 4450 caesura
781 4407 900 4452 versus.
930 4387 993 4452 Tot
1014 4391 1120 4453 autem
1143 4395 1271 4472 tamque
1294 4389 1398 4474 gravi·
