3276 5082
272 351 335 415 244
612 369 833 420 anossnsrvu
855 371 1069 418 rnnvrmvu.

272 522 366 587 sario.
405 522 552 588 Ceterum
570 527 697 608 praeter
712 531 839 588 amandi
853 526 1021 608 masenot)
1037 523 1218 607 notionem,
1234 546 1296 608 qno
1312 513 1428 588 etiam*

271 630 370 698 Nonii
384 657 417 718 p.
436 634 497 700 104
511 636 657 718 exempla
672 637 836 719 spectant,
859 634 966 698 nullus
980 634 1043 698 fuit
1058 634 1150 698 huius
1166 633 1306 699 adverbii
1322 657 1407 699 usus.

358 745 397 808 12
419 751 702 825 aliquovorsum
733 744 797 830 (vel
819 743 1039 829 exquisitiore,
1063 765 1159 828 quam
1182 743 1408 830 Scaligeranus

271 855 419 938 servavit,
441 855 545 920 forma
566 855 793 941 altrovorsum:
817 853 952 920 Casinas
973 853 1016 937 Π,
1039 855 1070 937 4,
1097 855 1135 919 18
1151 850 1228 934 'Epo
1244 862 1301 935 pol
1321 862 1409 920 istum

271 971 331 1029 r'am
353 967 574 1046 aliquovorsum
597 968 749 1045 mapulam
771 967 922 1030 deor'aoro.

315 1084 318 1090 '
357 1077 396 1141 13
418 1083 611 1156 ampliter:
634 1074 774 1140 eiusdem
794 1074 838 1157 Π,
862 1075 892 1158 8,
916 1075 958 1140 65
973 1087 1117 1155 opsonato
1132 1076 1282 1154 ampliter.
1327 1076 1409 1141 item

271 1185 357 1250 infra
379 1189 400 1267 ὅ
422 1185 462 1251 57
487 1208 504 1250 e
526 1185 627 1266 Mero:
657 1184 738 1270 prol.
773 1184 814 1251 99
836 1189 979 1266 aceeptus
1008 1191 1108 1249 lutare
1134 1196 1226 1264 atquo
1245 1187 1408 1276 emplum:

271 1297 292 1377 ᾗ
314 1295 354 1360 91
377 1318 394 1360 e
417 1294 519 1360 Stichi
541 1293 585 1372 V,
614 1296 651 1378 4,
683 1296 722 1360 10
749 1295 840 1381 (692)
870 1301 1001 1359 modeste
1020 1297 1127 1374 facore
1147 1308 1295 1374 sumptum
1317 1317 1408 1376 quom

270 1407 420 1486 ampliter.
466 1405 541 1470 Alia
576 1403 720 1488 exempla
751 1425 823 1469 cum
855 1404 924 1488 ipse
946 1403 1079 1469 Plautus
1101 1405 1234 1489 praebet
1254 1409 1322 1469 tum
1344 1404 1408 1470 No-

269 1515 342 1580 nius
365 1537 437 1580 oum
459 1515 614 1582 Charirio.
658 1513 842 1579 Breviorem
864 1521 965 1594 ample
985 1516 1123 1580 formam
1145 1537 1210 1580 non
1232 1517 1336 1600 magis
1359 1516 1408 1580 vel

269 1623 401 1690 Plautus
424 1625 474 1691 vel
496 1624 671 1709 antiquitas
694 1624 795 1689 letina
817 1625 907 1689 novit
927 1646 1023 1709 quam
1044 1645 1133 1690 soene
1154 1633 1250 1690 amice
1270 1647 1328 1710 pro
1343 1647 1408 1690 sae-

269 1743 345 1801 viter
366 1743 504 1802 amiciter
536 1738 570 1799 et
588 1734 621 1800 id
643 1756 746 1820 genus
768 1735 847 1799 alia:
880 1735 912 1798 id
934 1734 1019 1819 quod
1046 1735 1123 1801 item
1150 1736 1254 1805 valere
1276 1735 1308 1800 in
1334 1757 1407 1800 oon-

268 1846 402 1910 trariam
422 1848 548 1930 partem
570 1842 659 1910 solet.

355 1957 395 2020 14
417 1963 687 2021 altrovorsum:
711 1955 846 2022 Casinas
861 1954 921 2038 ΠΙ,
937 1957 968 2036 2,
986 1955 1027 2019 25
1056 1959 1166 2021 Ve'rum
1189 1968 1288 2022 autem
1313 1963 1406 2021 altro-

268 2068 385 2131 vorsum
407 2087 474 2131 erun
495 2086 563 2130 eum
584 2068 698 2131 mecum
722 2069 871 2130 ratione'm
890 2073 975 2145 puto.

355 2176 394 2242 15
413 2183 623 2257 protinam:
647 2175 787 2239 eiusdem
812 2174 853 2258 V,
878 2176 908 2258 3,
936 2176 985 2258 16,
1009 2197 1087 2260 quos
1110 2199 1220 2242 versus
1242 2176 1326 2241 haud
1342 2177 1407 2240 seio

268 2307 311 2350 an
332 2285 541 2371 probabiliter
556 2284 602 2350 sie
624 2285 791 2350 restituas:
819 2289 891 2350 Tam
914 2288 970 2350 etsi
988 2293 1100 2351 mulum
1121 2295 1228 2352 merui.
1252 2289 1312 2352 lucio
1328 2293 1407 2351 doto

263 2397 418 2475 protina'm
450 2416 506 2461 me.
541 2398 599 2459 Oa.
631 2401 705 2461 neus
736 2407 784 2460 sta
817 2402 888 2460 ilico
922 2398 1052 2460 amotor.
1087 2401 1145 2462 ST.
1169 2403 1261 2478 Perii,
1294 2401 1407 2463 occidi:

267 2509 401 2571 revocor.
425 2507 514 2585 quusi
539 2526 598 2570 non
621 2507 760 2583 audium,
790 2513 850 2569 ium
873 2505 1008 2587 abibo.*)
1052 2505 1174 2571 Eadem
1196 2506 1303 2593 glossa
1325 2507 1409 2571 redit

268 2619 288 2697 ξ
310 2615 353 2681 25
374 2637 392 2680 e
414 2613 614 2681 &montonis
636 2615 678 2699 Π,
702 2616 733 2698 3,
757 2615 799 2679 84
821 2616 912 2701 (363)
940 2618 1062 2680 'Ostium
1085 2623 1137 2682 ubi
1155 2621 1305 2698 oonspe'ar'
1325 2619 1406 2700 (pro-

266 2733 359 2806 spexi
377 2725 527 2810 Nonius),
550 2732 664 2791 aetnae
685 2746 731 2790 me
752 2728 823 2790 ilico
839 2730 995 2805 protinom
1018 2732 1104 2811 osam
1142 2731 1161 2808 ξ
1184 2727 1225 2791 88
1248 2750 1265 2791 e
1287 2727 1404 2791 Persae

265 2834 324 2920 IV,
346 2837 378 2920 5,
401 2837 421 2901 8
444 2837 534 2921 (680)
557 2841 597 2900 At
617 2839 658 2899 ne'
676 2856 743 2901 oum
765 2850 892 2915 arpenta
902 2840 1058 2916 protinam
1067 2841 1207 2918 pertitus
1221 2843 1348 2902 domum.
1364 2875 1407 2889 -

267 2946 413 3011 Alteram
432 2954 570 3026 protenus
590 2947 726 3010 formem
748 2967 821 3011 raro
843 2946 1038 3031 antiquiores
1060 2950 1174 3031 poetae
1196 2947 1404 3029 admiserunt,

266 3077 327 3122 neo
354 3057 418 3121 nisi
445 3057 501 3122 nbi
522 3055 688 3140 trisyllabo
710 3057 864 3122 vocabulo
886 3078 965 3140 opus
989 3061 1058 3121 eret
1080 3062 1155 3122 ante
1176 3058 1335 3142 vocalem,
1371 3062 1408 3121 nt

267 3165 359 3252 Oapt.
383 3165 442 3250 ΙΙΙ,
477 3168 508 3250 2,
541 3167 673 3252 9(510)
708 3171 753 3231 Eo
782 3169 922 3246 protinus
943 3173 986 3231 aa
1002 3170 1155 3246 fratrem,
1190 3170 1250 3232 met
1269 3169 1407 3232 abierint

266 3284 323 3344 olii
351 3279 474 3358 captiui,
509 3279 543 3341 et
563 3275 677 3341 Pseud.
712 3275 757 3359 ΙΙ,
794 3279 822 3359 1,
859 3277 897 3341 13
920 3277 1011 3363 (581)
1035 3281 1178 3343 Pro'lt'nus
1199 3281 1351 3342 adducam
1374 3281 1407 3341 et

265 3409 346 3472 quae
368 3387 414 3453 ibi
436 3389 589 3452 secuntur
616 3407 674 3471 pro
696 3385 782 3451 virili
803 3391 895 3470 perte
918 3390 1148 3452 reconcinnata
1170 3411 1190 3451 a
1212 3410 1262 3452 me
1284 3387 1319 3452 in
1342 3388 1404 3452 edi-

265 3497 353 3563 tione
375 3498 443 3562 eius
464 3497 602 3562 fabulae.
647 3496 716 3572 Quo
739 3497 864 3561 aceedit
884 3497 1069 3562 coniectura
1091 3501 1203 3562 nostre
1232 3499 1406 3582 repositum

267 3607 484 3672 Mostellariae
506 3603 538 3691 Ι,
571 3607 608 3690 2,
642 3608 685 3672 50
707 3606 797 3691 (131)
820 3610 968 3672 Protenus
989 3613 1102 3672 obeunt
1123 3611 1143 3672 ά
1161 3613 1275 3686 sobrio.
1320 3607 1405 3672 Nam

267 3716 380 3784 Militis
412 3717 469 3802 IV,
502 3721 533 3801 4,
566 3717 608 3782 56
641 3716 753 3802 (1193)
786 3719 931 3782 Pro'rsmn
964 3721 1097 3782 Athenas
1127 3721 1282 3798 pro'tr'nom
1316 3723 1405 3783 obibo

267 3831 363 3894 trinum
394 3851 415 3892 a
436 3827 575 3893 librariis
597 3827 724 3892 demum
746 3847 823 3891 suae
845 3827 962 3892 aetatis
986 3827 1248 3892 consuetudinem
1272 3850 1404 3913 sequen-

333 4016 358 4084 *)
388 4014 485 4071 Priore
509 4031 590 4070 versu
611 4016 752 4072 Tametsi
768 4013 865 4084 scripsi
881 4030 933 4084 pro
955 4015 1060 4072 Tamen
1079 4019 1134 4072 etsi
1151 4016 1180 4069 et
1200 4019 1344 4084 protinam
1362 4033 1403 4072 mr

264 4123 317 4180 pro
331 4113 477 4180 protinam
494 4118 521 4167 et
537 4111 662 4180 suriam,
685 4123 757 4174 quae
774 4124 830 4160 non
847 4106 944 4160 dubito
963 4124 996 4162 ex
1013 4105 1245 4176 interpretatione
1268 4091 1403 4178 repetere,

265 4219 434 4271 quamquam
457 4219 491 4258 ea
512 4201 569 4256 iam
590 4201 619 4254 in
641 4199 826 4254 ambrosiano
848 4201 970 4270 reoepta.
1006 4209 1051 4258 stu
1074 4202 1139 4258 r'lr'co
1161 4199 1237 4254 idem
1262 4201 1403 4256 Ambrosi-

264 4311 334 4350 anm
350 4295 481 4366 praebuit
502 4311 554 4366 pro
572 4295 696 4353 Stolino:
726 4293 775 4346 ubi
797 4295 908 4351 stolioio
925 4291 1021 4347 Vetus,
1055 4292 1143 4348 Verso
1165 4293 1254 4348 altero
1278 4295 1307 4348 et
1323 4295 1405 4352 Perti

264 4390 294 4446 et
311 4393 368 4446 r'om
385 4391 497 4459 praeter
515 4388 602 4442 libros
619 4387 714 4442 addidi
733 4386 769 4442 ad
787 4385 955 4455 supplendos
972 4403 1109 4440 numeros.
