3206 5102
260 340 322 406 666
580 357 756 408 mosoma
779 358 850 410 vore
871 355 1071 411 narraras

260 515 387 578 exstent
414 513 449 578 in
477 513 654 580 codicibusr
688 513 844 580 editorum
872 515 999 602 quidem
1026 518 1196 585 sedulitate
1218 542 1285 587 non
1307 523 1408 589 modo

260 625 466 691 coniunctum
488 628 538 692 est
559 647 661 712 genus
683 628 863 712 utrumque,
887 628 941 692 sed
961 628 1091 714 plurimi
1114 631 1212 696 etiam
1233 637 1408 718 praeterea

259 758 367 804 versus
390 736 506 802 adiecti
528 738 741 802 recentiorum
764 737 947 823 hominum;
974 740 1008 805 id
1036 742 1119 826 quod
1142 765 1214 808 cum
1241 744 1405 830 exempla·

259 849 341 914 rium
362 847 590 916 nonnullorum
612 849 822 933 inscriptione
849 850 1067 936 significatur,
1096 856 1166 919 tum
1195 857 1406 922 confirmatur

257 959 284 1024 Ι.
313 960 354 1024 Α.
384 959 524 1026 Fabricii
550 959 669 1028 iudicio
702 961 828 1044 prodito
856 958 1077 1030 Bibliothecae
1105 964 1163 1032 lat.
1193 990 1226 1053 p.
1255 966 1332 1032 478'
1350 967 1402 1034 ed.

258 1065 345 1136 llrn.¹
382 1069 452 1147 Qua
478 1071 513 1136 in
540 1093 574 1138 re
601 1070 687 1136 haud
708 1071 877 1138 mediocris
899 1072 1035 1140 dolenda
1057 1079 1106 1142 est
1127 1077 1252 1144 incuria
1258 1128 1267 1161 ,
1290 1101 1404 1164 quam·

258 1183 306 1248 vis
332 1182 467 1268 indigna
494 1183 615 1268 critico,
642 1185 751 1248 tamen
776 1185 931 1249 maiorum
951 1187 1055 1252 aetate
1074 1189 1206 1274 propria
1224 1189 1404 1276 philologo·

258 1315 344 1360 rum:
368 1293 420 1382 qui
444 1293 471 1359 ai
486 1293 659 1380 diligenter
673 1294 893 1398 adnotassent,
917 1296 993 1381 quid
1011 1299 1166 1383 scriptum
1187 1300 1401 1386 invenissent,

258 1406 335 1492 quid
357 1407 469 1492 suopte
491 1405 648 1474 arbitratu
676 1405 888 1492 addidissent,
919 1407 1036 1473 certius
1058 1409 1097 1474 de
1119 1432 1154 1475 re
1176 1433 1299 1496 quaque
1321 1411 1402 1478 iudi·

259 1539 332 1584 care
353 1539 518 1604 possemus
540 1539 636 1602 quam
651 1539 738 1584 nunc
758 1517 845 1583 licet.
890 1517 1003 1604 Itaque
1024 1519 1152 1587 illarum
1173 1522 1280 1588 fontes
1302 1523 1402 1589 inter-

257 1629 457 1715 polationum
484 1651 551 1696 non
577 1629 728 1696 videntur
755 1629 884 1715 penitus
912 1629 1061 1716 indagari
1082 1654 1186 1717 posse,
1210 1631 1274 1698 nisi
1296 1655 1402 1700 erem·

258 1741 395 1827 plarium
417 1743 468 1806 sat
488 1762 641 1826 magnam
663 1738 902 1806 multitudinem
927 1741 963 1806 in
985 1745 1134 1829 promptu
1156 1743 1285 1810 habeas.
1330 1744 1403 1823 Qua

259 1853 320 1918 etsi
335 1874 428 1919 careo
443 1850 599 1937 equidem,
623 1855 732 1917 tamen
747 1850 887 1918 studiose
908 1852 1084 1938 inquirenti
1100 1853 1179 1918 mihi
1200 1855 1266 1920 fors
1281 1856 1403 1922 obtulit

258 1962 399 2028 subsidia
421 1963 576 2050 quaedam
598 1962 684 2028 haud
705 1963 895 2048 spernenda.
940 1963 1070 2028 Etenim
1089 1964 1128 2028 ab
1152 1965 1290 2030 editione
1311 1967 1402 2052 prin·

258 2073 329 2158 cipe
357 2072 513 2140 Desiderii
543 2073 669 2141 Erasmi
697 2073 919 2158 Roterodami,
948 2096 1029 2159 quae
1055 2075 1176 2160 prodiit
1203 2099 1288 2141 anno
1317 2079 1401 2144 1516

258 2184 485 2270 Argentorati,
514 2207 580 2251 non
606 2184 700 2250 modo
727 2184 782 2250 ille
803 2206 914 2250 versus
936 2184 1042 2270 abest,
1066 2207 1161 2271 quem
1181 2189 1314 2271 propter
1335 2209 1401 2252 ser-

208 2296 360 2361 remonis
383 2293 619 2362 deformitatem
646 2295 838 2382 explosimus
866 2317 978 2380 supra:
1007 2301 1140 2363 Allerius
1161 2303 1304 2363 damnum
1322 2320 1401 2378 qoa-

257 2412 339 2472 dium
361 2411 563 2486 boudsacr'os
578 2418 668 2485 tuum,
691 2408 860 2473 sedetiam
882 2406 1021 2492 insignis
1043 2407 1097 2472 ille
1118 2407 1302 2474 insulsitate
1325 2431 1401 2476 suar

258 2521 352 2596 Quum
374 2524 471 2583 molus
492 2528 550 2598 est,
579 2523 700 2600 rubrum
729 2526 783 2598 qui
801 2539 886 2584 suom
908 2524 1032 2584 allerias
1049 2521 1139 2596 facil.
1184 2519 1291 2604 Atque
1312 2518 1401 2588 hunc

256 2629 392 2694 eundem
414 2628 475 2694 etsi
495 2628 650 2714 Iosephus
672 2650 796 2714 quoquc
818 2628 962 2714 Scaliger
983 2629 1114 2694 seclusit
1136 2652 1155 2694 a
1177 2628 1249 2714 Syri
1271 2633 1400 2695 senten·

255 2739 320 2824 tiis,
344 2761 423 2825 quas
445 2739 564 2806 adiecit
577 2738 724 2825 Dionysii
740 2738 872 2805 Catonis
895 2739 1041 2804 distichis
1062 2741 1101 2805 de
1123 2740 1264 2806 moribus
1282 2762 1400 2826 graeoe

256 2875 275 2918 a
298 2873 331 2917 se
353 2849 486 2917 redditis
507 2854 602 2936 atque
625 2849 719 2916 editis
741 2847 891 2935 Lugduni
906 2849 1100 2916 Batavorum
1123 2873 1152 2915 a.
1171 2851 1261 2926 1626,
1287 2855 1400 2918 tamen

254 2964 290 3028 in
312 2962 453 3028 eiusdem
467 2961 641 3028 editionem
662 2960 726 3026 iam
747 2961 878 3045 irrepsit
892 2961 973 3026 altar
995 2960 1048 3026 ille
1070 2963 1125 3046 qui
1141 2961 1232 3027 abeat
1246 2962 1287 3027 ab
1301 2961 1399 3028 Eras-

256 3074 373 3140 mians.
423 3073 485 3139 Sed
512 3094 576 3138 uno
602 3075 677 3157 post
703 3071 846 3156 saeculo,
875 3072 930 3136 ubi
960 3072 1038 3136 satis
1063 3071 1220 3138 saevierat
1242 3072 1399 3138 editorum

188 3225 192 3232 ·
255 3185 374 3268 lubido,
392 3188 520 3250 exortus
535 3186 584 3249 est
598 3182 756 3248 Ricardus
771 3181 947 3266 Bentleius,
963 3182 1018 3267 qui
1033 3182 1184 3248 Terentio
1199 3204 1256 3248 suo
1270 3185 1399 3266 praeter

256 3295 395 3362 Phaedri
417 3295 542 3360 fabulas
565 3316 619 3360 eas
642 3293 778 3359 subiecit
792 3293 865 3379 Syri
887 3295 1074 3376 sententias,
1097 3315 1176 3378 quas
1197 3293 1233 3358 in
1247 3297 1399 3378 quattuor

257 3407 419 3472 codicibus
435 3405 757 3491 Cantabrigiensibus
772 3405 941 3470 invenerat
955 3425 1080 3488 unoque
1095 3402 1244 3468 Leidensi
1259 3404 1399 3469 inveniri

257 3519 465 3604 compererat.
503 3516 605 3592 Quem
626 3515 743 3580 librum
758 3515 812 3581 ubi
827 3517 940 3580 nactus
956 3537 1053 3600 eram,
1077 3513 1205 3600 gavisus
1227 3535 1297 3578 sum
1312 3513 1400 3580 haud

257 3628 476 3712 mediocriter,
505 3627 589 3712 quod
611 3629 738 3711 praeter
760 3626 837 3690 duos
859 3626 930 3690 illos
953 3625 1125 3691 versiculos
1147 3625 1244 3689 etiam
1267 3625 1399 3689 tertium

256 3740 416 3826 quendam
437 3739 589 3803 omissum
617 3737 779 3822 videbam,
802 3736 921 3802 hunce:
949 3743 1081 3802 Lucrum
1108 3741 1171 3801 sinc
1193 3741 1304 3800 domno
1326 3742 1398 3800 aue-

256 3859 321 3918 n'ar
340 3856 410 3923 rie-i
430 3871 490 3916 noa
507 3860 617 3930 potest.

341 3961 453 4047 ltaque
475 3961 539 4024 iam
557 3959 680 4026 videtur
695 3980 732 4024 eo
748 3959 884 4024 adducta
904 3958 1080 4044 disputatio
1094 3979 1163 4023 esse
1177 3960 1224 4042 ut,
1247 3959 1399 4042 quonism

257 4071 433 4157 exquisitae
459 4071 508 4136 illi
535 4093 595 4136 nec
625 4069 751 4156 vulgari
779 4069 975 4135 sententiae:
1010 4075 1054 4134 bis
1080 4073 1177 4132 cruori
1200 4078 1244 4133 est
1272 4075 1401 4134 olemus

257 4189 388 4248 arbitrio
408 4188 499 4262 mori,
524 4182 572 4246 uti
595 4181 679 4266 apud
701 4178 884 4245 Bentleium
906 4201 1030 4264 quoque
1051 4179 1207 4263 scriptum
1229 4181 1293 4262 est,
1317 4178 1399 4264 pris-

256 4295 360 4358 tinam
387 4293 583 4380 elegantiam
618 4291 762 4358 videmur
796 4294 891 4356 antea
920 4289 1113 4372 restituisse,
1142 4310 1241 4352 unum
1269 4290 1400 4354 tantum

257 4405 413 4496 reliquum
435 4405 479 4470 sit
500 4405 668 4492 corruptae
694 4401 910 4494 paenultimae
938 4400 1118 4488 exemplum
1146 4405 1272 4468 alterius
1299 4401 1399 4487 vocis,
