3238 5078
265 309 324 374 106
526 313 618 373 bona
650 325 710 372 nn:
733 325 857 372 11111111(
879 324 945 374 nna
967 327 1133 377 rasurus.

262 484 313 544 tra
335 479 503 564 diligentia
532 483 565 544 et
590 477 748 544 industria
770 479 868 544 etiam
888 481 1025 564 quadam
1045 483 1206 567 permulta
1228 486 1267 550 de
1289 491 1399 553 nostro

262 591 316 656 illo
339 591 438 656 veteri
460 589 543 654 libro
564 591 600 654 in
621 589 780 656 Plautinis
812 591 980 656 comoediis
1002 593 1151 659 restituta
1173 595 1234 661 sibi
1256 597 1396 682 fnenmt,

261 705 330 766 tam
351 702 386 766 in
407 701 512 766 verbis
534 689 638 786 quam'
651 702 792 767 numeris
811 724 970 787 versuum,
994 705 1032 768 da
1054 726 1186 790 quorum
1209 707 1398 794 integritate

261 812 344 878 nibil
366 813 464 877 etiam
492 812 579 877 dubii
605 813 670 877 iarn
699 812 792 877 nobis
820 813 1020 899 relinquitur.
1065 816 1115 880 Ac
1142 835 1268 901 possem
1295 842 1397 885 annu·

261 945 384 988 merare
412 946 478 988 non
505 926 640 991 δεκάδα(
667 945 769 1009 neque
792 925 1021 1011 ἑκατοντάδαε,
1049 925 1104 990 sed
1125 927 1222 1012 plane
1244 932 1397 1017 χιλιάδαε,

261 1036 288 1099 si
303 1037 467 1100 ostentare
483 1056 613 1119 operam
635 1037 777 1100 nostram
792 1035 965 1100 vellamus:¹
983 1037 1038 1100 sed
1052 1039 1203 1123 pauperis
1219 1044 1267 1104 est
1288 1063 1397 1106 nume-

260 1168 331 1211 rare
354 1168 460 1231 pecus.
491 1144 566 1211 Non
588 1169 691 1231 pauca
707 1149 812 1211 autem
829 1146 952 1210 confido
969 1169 1038 1230 nos,
1063 1149 1090 1212 si
1112 1171 1178 1214 non
1200 1151 1395 1236 emendasse,

261 1261 295 1322 at
316 1278 383 1322 non
405 1257 540 1322 edidisse
562 1257 701 1323 deterius
717 1279 820 1343 neque
841 1258 1020 1343 perversius
1036 1261 1277 1344 quampriores.
1309 1262 1397 1338 Quae

261 1390 335 1433 varo
358 1371 506 1452 corrupta
528 1373 561 1433 at
581 1368 664 1433 falsa
691 1391 758 1434 esse
781 1369 877 1453 plane
900 1391 1077 1453 cernerem,
1108 1392 1146 1434 aa
1167 1371 1310 1438 indicare
1332 1377 1397 1438 stu·

260 1480 330 1544 dari:
358 1479 529 1565 indignum
550 1483 655 1564 ratus,
684 1479 835 1544 lectorem
857 1501 967 1545 securo
990 1481 1097 1545 animo
1120 1503 1225 1547 errare
1247 1485 1396 1569 perpeti!

260 1588 474 1676 Desgleichan
493 1591 537 1655 im
552 1589 754 1656 Prooemium
775 1613 806 1674 p.
823 1592 857 1655 9:
881 1591 951 1656 ‘Ad
973 1595 1117 1657 nostram
1139 1597 1245 1659 autem
1267 1617 1396 1680 operam

260 1701 447 1787 diligentiae
470 1703 596 1787 quidem
618 1701 703 1766 illius
726 1721 867 1766 summae
889 1701 981 1766 valde
1004 1703 1205 1788 laboriosam,
1229 1705 1283 1770 sed
1300 1710 1332 1771 et
1346 1706 1396 1770 in-

259 1813 400 1878 dustriae
422 1835 488 1879 non
512 1813 781 1897 contemnendae,
804 1816 842 1877 nt
863 1835 1038 1897 speramus,
1063 1835 1158 1898 quam
1180 1816 1215 1880 in
1237 1814 1396 1882 Plautinis

259 1923 376 1988 fabulis
398 1924 605 1989 emendandis
626 1924 805 2008 posuimus,
829 1923 912 2008 quod
934 1925 1067 2008 attinet,
1091 1925 1129 1989 da
1152 1947 1189 1990 eo
1211 1948 1313 2011 neque
1335 1928 1395 1992 hoo

191 2042 241 2095 517
259 2034 329 2099 loeo
357 2035 493 2100 multum
515 2036 686 2100 verborum
714 2035 897 2099 faciendum
920 2039 983 2100 est:
1020 2038 1052 2100 et
1080 2036 1183 2100 editae
1212 2020 1396 2122 relataeque

259 2149 334 2210 sunt
355 2147 497 2212 rationes
519 2149 658 2229 nostrae,
682 2145 795 2230 quibus
811 2167 891 2232 quae
913 2168 978 2210 non
1001 2147 1217 2231 eontinentur,
1242 2171 1279 2212 ea
1301 2152 1397 2212 amnt

259 2257 423 2342 eiusmodi,
447 2261 484 2322 ut
505 2257 691 2349 plerumque
706 2258 740 2322 in
759 2260 846 2321 certa
867 2258 1073 2342 persuasione
1096 2259 1300 2323 correctionis
1322 2259 1395 2324 sim·

258 2368 385 2452 pliciter
407 2370 546 2432 veterem
568 2369 761 2452 scripturam
782 2368 917 2452 exprimi
934 2368 1159 2433 curaverimus.
1190 2370 1265 2434 Non
1286 2373 1395 2434 tamen
1521 2425 1522 2428 ,

258 2501 422 2563 nunquam
437 2479 472 2544 in
487 2479 624 2563 quadam
639 2479 850 2564 ambiguitate
866 2501 902 2543 aa
917 2480 1117 2563 retinuimus,
1141 2502 1220 2564 quae
1242 2481 1277 2544 in
1292 2503 1395 2546 exem·

258 2589 320 2674 plis
335 2589 474 2675 vulgatis
489 2591 731 2675 reperissemus3
747 2591 802 2655 sed
816 2589 896 2654 haec
910 2590 1011 2654 multa
1026 2612 1092 2655 non
1108 2595 1212 2655 arunt.
1244 2591 1305 2656 Illa
1319 2595 1396 2656 sunt

257 2723 360 2786 paena
381 2701 644 2786 innumerabilia,
674 2705 711 2766 ut
738 2723 811 2765 vere
839 2702 956 2784 possim
985 2701 1116 2785 gloriari
1144 2702 1183 2766 de
1209 2702 1270 2766 hac
1297 2702 1395 2767 etiam

215 2867 217 2876 ,
258 2811 407 2896 0111110110,
432 2811 516 2877 idem
538 2813 621 2897 quod
644 2816 720 2876 ante
742 2834 844 2877 annos
866 2811 961 2876 XVII
982 2812 1132 2895 fecimus,
1168 2835 1239 2876 curn
1262 2835 1281 2876 a
1302 2813 1394 2878 nobis

258 2924 460 3010 recognitum
480 2925 678 2989 mitteremus
706 2922 870 3008 Hemagio
897 2926 1007 2987 nostro
1036 2922 1319 3011 Macrobiuin⁵⁰⁸),
1356 2924 1394 2989 de

259 3035 347 3099 cuius
361 3036 492 3101 officina
506 3035 560 3100 ille
576 3035 677 3100 exiret
691 3034 726 3098 in
747 3033 920 3119 publicum,
944 3056 1010 3098 non
1025 3036 1092 3097 tam
1109 3034 1284 3118 castigatus
1300 3056 1395 3119 quam

257 3167 374 3230 novus,
403 3145 431 3211 si
462 3168 533 3211 oum
555 3145 626 3210 aliis
648 3145 841 3209 editionibus
865 3145 1064 3209 conferretur
1080 3193 1192 3208 .....
1236 3143 1326 3208 Idem
1347 3145 1395 3208 in-

257 3279 353 3342 quam
375 3259 407 3322 et
429 3257 599 3323 danastro
621 3277 715 3340 opere
738 3254 888 3319 Plautino
915 3277 980 3318 non
1008 3253 1185 3318 laudatoria
1192 3305 1200 3338 ,
1239 3255 1295 3319 sed
1324 3277 1394 3319 vere

257 3391 295 3433 ac
317 3369 506 3453 simpliciter
528 3368 688 3432 affirmare
711 3388 854 3452 possum,
883 3365 937 3430 vix
964 3364 1064 3428 ullum
1086 3385 1228 3448 versum,
1267 3366 1305 3429 de
1332 3387 1395 3450 quo

256 3501 322 3544 non
345 3478 479 3564 aliquid,
509 3481 594 3544 certa
622 3477 776 3563 paginam
798 3475 920 3541 nullam
942 3497 1025 3558 csse,
1055 3475 1093 3539 de
1121 3497 1183 3559 qua
1210 3497 1277 3539 non
1298 3476 1394 3560 pluri-

256 3612 345 3655 mum
371 3588 559 3654 mendorum
586 3588 747 3653 sublatum
775 3589 842 3652 sit'
886 3585 984 3650 Dann
1011 3585 1133 3649 erklsrt
1161 3607 1195 3649 er
1222 3586 1291 3649 sich
1324 3587 1394 3650 auls

258 3699 515 3766 antschiedensta
548 3720 654 3785 gagen
686 3698 743 3762 dae
776 3696 1024 3780 selbstsilchtige
1058 3695 1234 3760 Losziehen
1262 3696 1319 3759 auf
1344 3695 1394 3760 die

258 3811 456 3878 Schw'achen
478 3811 534 3876 der
555 3811 763 3895 Vorg'anger,
799 3809 849 3872 die
872 3829 921 3890 er,
946 3805 1028 3870 auch
1051 3806 1101 3870 bei
1124 3806 1309 3870 offenbarcn
1330 3807 1392 3870 Irr-

257 3922 422 4008 thtimern,
457 3923 493 3986 in
525 3921 581 3986 der
608 3919 711 4005 Regcl
743 3918 835 3983 nicht
867 3917 985 3982 ainmal
1017 3914 1216 3981 namentlich
1248 3915 1421 3980 arwilhnt'

325 4190 383 4255 56¹)
401 4185 499 4240 Dieser
516 4185 642 4240 arachien
663 4189 735 4249 1535,
753 4181 809 4236 und
827 4181 974 4250 daswegen
992 4180 1029 4234 ist
1046 4180 1096 4234 dar
1107 4178 1221 4232 Plautus
1239 4177 1329 4232 sichar
1347 4195 1396 4232 aus

259 4287 323 4336 1552
350 4279 419 4334 oder
448 4276 589 4333 vielleiaht
617 4282 694 4344 1551,
723 4277 773 4330 auf
796 4274 897 4330 kainon
922 4275 983 4331 Fall
1012 4290 1062 4327 aus
1091 4277 1163 4326 1538.
1209 4271 1283 4340 (Vgl.
1309 4271 1396 4326 Ebsrt

257 4374 428 4440 11111110.)
