3300 5102
509 350 782 400 nuususmosss
806 347 1037 397 nunciemus.
1283 329 1344 394 397

209 507 399 572 adieelivum
421 506 470 570 bis
493 527 567 570 usus
591 505 711 570 Gellius
734 511 831 569 nsoiin
854 502 1069 566 substantivo:
1099 497 1193 580 XIX,
1217 499 1248 583 9,
1271 497 1291 562 8
1314 504 1345 562 in

208 625 266 683 inii
286 626 384 682 nsciis
406 629 496 697 (rique
517 623 666 698 requiris,
703 616 820 680 iterum
843 613 883 697 X,
910 614 958 696 l'i,
982 613 1002 677 3
1030 623 1073 676 esi
1101 617 1180 674 enim
1200 630 1343 690 persone,

208 751 287 808 quur
308 735 365 794 bec
387 733 473 808 npud
494 733 654 792 Laberium
677 733 767 805 dicii,
793 731 892 790 divitis
914 730 1005 788 nnnri
1025 735 1055 786 ei
1072 729 1174 802 pnrei,
1198 732 1345 800 sirmpinm

206 846 370 919 plurimum
398 845 584 918 asotiamque
610 843 809 902 adulescentis
836 841 896 899 riri
924 840 1119 915 deplorantis.
1171 831 1234 895 Vbi
1263 830 1347 916 quod

208 951 242 1013 iu
265 949 457 1014 nitidissimo
479 948 775 1032 philologurumque
794 945 960 1020 desideriis
983 943 1221 1028 exoptatissimo
1244 963 1346 1006 exem-

210 1059 291 1144 plari
315 1060 449 1124 Martini
471 1059 595 1123 llertzii
618 1053 758 1142 pesitum
781 1059 830 1121 est
852 1062 1056 1136 nsciicnnque,
1079 1054 1112 1118 id
1135 1054 1195 1118 etsi
1219 1053 1346 1117 ereden-

209 1170 283 1234 dum
306 1171 368 1234 erit
389 1191 454 1234 non
483 1171 552 1233 sine
574 1169 664 1232 libris
686 1171 839 1232 nitentum
862 1189 945 1250 esse,
975 1169 1085 1230 tumen
1113 1169 1180 1228 tam
1208 1163 1249 1227 ab
1272 1185 1347 1228 nne·

210 1279 295 1365 legin
318 1284 500 1364 suspectum
523 1283 639 1363 estut,
667 1279 693 1342 si
717 1278 808 1343 mede
831 1277 909 1341 fides
931 1275 1020 1340 nulla
1042 1275 1245 1358 substantivi,
1269 1272 1347 1338 mul·

208 1394 276 1454 tum
299 1394 462 1475 praestare
485 1401 660 1470 seniumque
673 1390 829 1453 videatur.
847 1427 888 1436 -—
903 1387 1052 1474 Ceterum
1066 1385 1246 1470 insequenti
1263 1385 1347 1469 apud

208 1500 357 1566 Plautum
380 1507 472 1566 versu
495 1524 566 1565 eum
588 1523 648 1565 nee
670 1522 747 1566 unus
769 1499 884 1584 hospes
906 1497 959 1561 ille
983 1496 1157 1562 Camerarii
1180 1495 1256 1580 quid
1285 1495 1346 1559 sibi

211 1613 285 1677 velit
307 1615 476 1698 appareat,
511 1635 570 1676 nec
592 1633 726 1692 perepre
752 1633 814 1695 quo
842 1607 999 1673 referatur
1021 1607 1154 1690 habeut,
1190 1629 1228 1670 ex
1256 1613 1344 1688 milis,

208 1724 291 1808 quod
313 1724 347 1787 in
370 1723 460 1788 libris
476 1726 534 1806 est,
558 1744 622 1786 uno
638 1722 733 1786 verbo
748 1741 912 1786 monemus
936 1741 1006 1783 cum
1028 1717 1184 1783 Beroaldo
1206 1717 1346 1782 efficieu-
1417 1790 1424 1801 ,

208 1833 283 1897 dum
306 1855 374 1898 esse
397 1840 428 1900 Is
444 1855 576 1914 percpi-c
597 1841 727 1898 missus
749 1838 870 1896 redimit
893 1837 1035 1895 ancillam
1057 1836 1191 1910 hospitis.

291 1969 397 2054 Ipsius
412 1969 539 2034 fabulae
555 1991 671 2033 scaena
685 1967 719 2036 Il
740 1975 829 2032 aelus
851 1966 946 2051 primi
969 1965 1029 2030 hec
1052 1966 1179 2030 exordio
1201 1968 1259 2047 est,
1284 1988 1346 2050 que

209 2081 363 2145 currendo
403 2081 576 2146 exanimati
609 2080 690 2145 servi
731 2077 896 2143 festinatio
928 2081 1092 2163 tamquam
1128 2081 1203 2142 unte
1238 2077 1345 2141 oculus

208 2191 352 2273 ponitur:

290 2331 335 2391 Ex
358 2335 481 2393 summis
504 2334 612 2410 opibus
635 2337 810 2412 viribusque
831 2355 927 2412 usque
950 2333 1098 2409 bxpcrire:
1127 2335 1237 2406 nitere,

291 2417 368 2478 Erus
390 2422 426 2479 iit
446 2421 545 2478 minor
567 2424 658 2496 opere
680 2426 733 2481 tue
754 2423 898 2480 servetur.
933 2419 1070 2496 agedum,
1094 2418 1259 2491 Amullio,

290 2503 389 2582 Abige
411 2505 465 2564 tbs
488 2508 516 2563 te
539 2505 761 2566 lassitudinem:
786 2527 856 2566 cave
878 2507 1069 2583 praevortere
1092 2505 1244 2580 pigritiae.

292 2588 387 2648 Simul
410 2593 510 2648 adtem
530 2596 706 2664 pienissumc
722 2611 779 2664 ees,
803 2594 855 2668 qui
871 2591 1029 2650 sdvtrsum
1045 2592 1127 2660 eunt,
1151 2589 1301 2665 impellite,

209 2677 255 2726 ue
292 2673 440 2748 Detrude‚
465 2676 592 2734 deturba
614 2680 645 2735 in
667 2679 756 2737 vium.
779 2677 851 2735 haee
873 2677 921 2735 hic
943 2671 1136 2750 disciplina*)
1159 2676 1344 2750 pessumnst:

292 2757 445 2834 Currenti,
468 2764 643 2836 propersnii
666 2763 725 2820 hau
748 2763 908 2838 quisquam
930 2761 1059 2838 dignum
1080 2760 1171 2818 habet
1194 2759 1380 2818 decederet

291 2839 347 2902 'lta
368 2849 429 2904 tres
451 2866 497 2906 res
521 2847 624 2906 simitu
647 2847 779 2924 agendae
802 2849 888 2920 sunt,
918 2845 1038 2922 quando
1069 2864 1159 2904 unam
1181 2846 1344 2920 occeperis:

289 2924 340 2988 'ut
361 2933 569 2992 currendumst
591 2937 621 2991 et
641 2932 840 3010 pugnandum
855 2935 885 2990 et
900 2931 1092 3009 iurigandum
1108 2933 1209 2990 autem
1231 2933 1263 2989 in
1286 2931 1344 2991 vin.

290 3059 328 3124 In
363 3061 412 3125 his
445 3064 588 3126 versibus
620 3063 753 3149 longum
787 3066 836 3128 est
866 3063 1025 3146 explicare
1059 3085 1114 3126 eur
1143 3075 1345 3142 praevortere

204 3177 351 3249 pinrilinc
378 3173 598 3256 scripserimus
626 3198 685 3259 pru
711 3181 858 3255 piuriiiue
889 3180 1095 3254 praeverteris
1124 3171 1173 3236 vel
1200 3195 1344 3253 praeuer-

206 3287 277 3344 iier:
314 3283 511 3348 trochaicum
542 3285 711 3350 fecerimus
745 3284 994 3368 paenultimum,
1029 3283 1082 3369 qui
1111 3284 1267 3350 iambicus
1297 3289 1346 3349 est

206 3390 302 3477 vulgo
331 3393 390 3458 hoc
413 3394 506 3458 initio
529 3399 579 3460 lin
602 3401 663 3460 lrc's
683 3401 784 3460 simitu
805 3399 870 3460 re's:
908 3395 954 3459 sie
976 3395 1023 3458 uti
1046 3417 1071 3460 s.
1096 3417 1120 3460 s.
1146 3417 1172 3461 e..
1195 3379 1342 3460 ultimum

206 3501 452 3588 exhibuerimus,
476 3505 510 3569 in
533 3527 595 3590 quo
617 3506 754 3590 pristina
776 3512 971 3585 inripnndum
994 3507 1097 3571 forma
1111 3506 1221 3572 Veteri
1244 3507 1342 3573 codici

205 3612 406 3700 debetur**):
439 3615 664 3701 interpositum
692 3611 827 3702 denique
856 3616 890 3681 in
918 3615 1006 3682 libris
1039 3617 1124 3682 iuter
1156 3618 1285 3682 tertium
1312 3621 1344 3682 et

206 3753 407 3764 -—-—-——.

271 3819 296 3886 *)
327 3817 389 3888 [Vel
405 3821 577 3890 discipulina
594 3821 686 3892 potius
706 3822 736 3876 ut
754 3821 875 3876 videtur:
894 3820 985 3890 quode
1003 3819 1066 3878 vide
1084 3820 1341 3878 Fleckeiseuum

204 3909 391 3979 disputantem
408 3913 436 3965 in
455 3911 597 3969 ‘Miscellis
616 3915 731 3970 criticis'
751 3919 913 3984 (unn01864
932 3914 1007 3969 edito
1025 3914 1164 3970 amicitiae
1181 3933 1295 3971 munere
1314 3919 1343 3970 et

204 4001 408 4071 elegantissimo
428 4009 456 4060 et
474 4007 745 4076 benevolentissime)
762 3999 789 4078 p
805 4015 837 4063 33
850 4026 890 4094 sq.
910 4039 941 4047 —
961 4007 1090 4063 Ceterum
1109 4012 1140 4064 A.
1154 4009 1341 4080 Spengelio

203 4112 257 4149 uon
275 4099 361 4154 mirer
379 4100 589 4156 collocationem
607 4104 755 4158 verborum
773 4104 844 4160 buce
861 4104 1015 4172 disciplina
1033 4105 1080 4160 lu'c
1097 4103 1233 4174 placuisse
1251 4104 1341 4157 Philo·

204 4189 260 4258 lo'gi
277 4193 296 4245 t.
317 4193 406 4248 XXlll
422 4213 449 4264 p.
464 4198 533 4266 bil]

272 4287 313 4356 **)
332 4289 450 4358 [Horum
463 4290 584 4346 rationes
595 4291 759 4348 iudiciorum
776 4293 857 4347 video
875 4309 926 4346 nee
938 4290 1199 4348 Studemundum
1217 4294 1267 4348 ‘de
1279 4309 1340 4348 ean-

200 4381 277 4435 licis'
305 4399 334 4450 p.
355 4389 387 4436 76
410 4401 442 4438 se
465 4401 499 4438 ne
523 4385 768 4440 buechelerum
791 4385 904 4454 quidem
926 4385 1013 4442 Musei
1031 4387 1117 4442 Rhen.
1138 4389 1157 4442 t.
1177 4387 1227 4442 XV
1244 4407 1271 4458 p,
1290 4393 1340 4442 442
