3300 5102
251 268 314 330 264
592 283 812 333 oaossumvn
836 284 1049 332 nuevmnvn.

335 431 386 504 742
411 437 452 503 75
472 447 657 506 saeuilerz
679 443 896 502 blanditer:
929 437 1079 502 Pseuduli
1103 437 1143 520 V,
1166 440 1197 522 2,
1221 439 1240 501 3
1264 437 1392 524 (129Ο);

255 549 326 614 vide
348 549 388 613 ad
411 552 431 630 ξ
453 549 484 614 3.
507 549 560 612 46.

336 659 376 724 76
399 661 599 736 afflicter:
633 659 719 724 haud
742 660 836 724 dubie
859 663 1020 744 sumptum
1044 680 1061 723 e
1082 659 1231 724 Pseuduli
1254 658 1294 744 V,
1318 661 1349 743 2,
1372 661 1393 725 6

222 859 223 862 ¹
252 770 375 856 (1295),
410 769 465 833 sed
486 772 523 834 ut
544 790 654 834 rursus
676 770 796 855 aliquid
818 770 952 837 humaui
974 770 1207 857 glossographo
1230 771 1390 835 acciderit.

252 880 283 945 N
285 903 337 944 arn
348 901 547 965 quocumque
561 881 655 945 modo
670 903 779 946 versus
791 881 845 946 illc
862 881 1157 963 reconcinnabitun'
1173 903 1269 966 quem
1283 903 1393 947 vereor

252 967 401 1056 ut'recte
429 992 634 1056 tractaverim
661 991 696 1056 in
719 991 858 1056 editione
866 996 915 1075 ³¹²),
947 991 1008 1056 hoc
1036 991 1164 1075 quidem
1193 991 1393 1058 dubitatione

252 1105 362 1185 vacat,
386 1101 497 1166 verbi
520 1101 656 1166 formam
677 1102 768 1166 illum
792 1105 843 1166 sat
870 1095 1088 1187 incogitanter
1113 1122 1172 1185 pro
1202 1101 1393 1167 adverbio

253 1211 411 1276 habuisse.
457 1211 526 1287 Qua
560 1211 593 1276 in
617 1234 651 1276 re
673 1211 877 1277 mirationem
899 1212 960 1278 hoc
982 1216 1090 1297 auget,
1114 1211 1196 1296 quod
1218 1213 1254 1276 in
1276 1213 1321 1276 eis
1344 1234 1394 1278 oo-

253 1321 387 1406 dicibus,
411 1343 544 1406 quorum
566 1319 679 1387 similis
702 1323 730 1386 ei
752 1324 786 1387 iu
809 1323 957 1387 manibus
978 1323 1050 1405 fuit,
1074 1321 1106 1386 h.
1130 1345 1158 1386 e.
1183 1344 1255 1387 eum
1277 1322 1311 1386 in
1333 1322 1393 1386 Pa-

252 1431 363 1496 latinis
395 1435 465 1496 tum
496 1433 532 1497 in
553 1433 783 1517 Ambrosiam,
821 1455 862 1497 ne
885 1435 990 1497 exstat
1012 1433 1138 1518 quidem
1161 1441 1304 1514 afflicter,
1338 1433 1393 1498 sed

253 1547 392 1623 afflictor
413 1542 463 1608 vel
485 1549 644 1627 adfllclor,
674 1549 811 1625 afflicter
832 1547 940 1608 autem
961 1545 996 1608 in
1018 1546 1109 1627 parte
1131 1565 1240 1608 eruum
1262 1543 1391 1629 legitur,
1429 1563 1431 1567 ’

255 1654 309 1739 qui
330 1653 486 1718 Italorum
509 1654 593 1718 euris
615 1654 801 1739 interpolati
822 1655 996 1719 multorum
1011 1654 1209 1719 saeculorum
1224 1654 1392 1718 intervallo

255 1788 275 1829 a
296 1763 520 1849 glossographi
542 1767 649 1830 aetate
671 1765 804 1848 distant.

341 1875 380 1938 ll
401 1878 520 1952 sonas
541 1875 617 1959 quid
639 1874 701 1938 sibi
723 1875 811 1958 velit,
836 1897 901 1939 non
923 1875 1027 1959 magis
1050 1896 1136 1939 nnnc
1152 1875 1283 1958 expedio
1298 1897 1394 1960 quam

257 1983 333 2048 olim
368 1984 403 2048 in
437 1984 637 2069 praefatione
659 1984 810 2049 Pseuduli
831 2007 863 2069 p.
887 1984 950 2067 XJ,
988 1984 1043 2049 ubi
1075 1984 1194 2049 iudicio
1225 1985 1304 2050 illud
1327 2008 1394 2050 esse

256 2094 321 2158 dixi
355 2093 448 2178 plura
469 2095 504 2159 in
526 2094 610 2159 male
631 2095 750 2160 habitis
774 2095 909 2160 canticis
930 2095 1010 2178 illis,
1049 2095 1083 2159 in
1105 2116 1186 2178 quae
1208 2095 1327 2161 desinit
1347 2096 1394 2160 fa-

257 2205 343 2288 bula,
379 2203 578 2270 intercidisse
600 2227 696 2290 quam
718 2227 805 2270 nuuc
827 2208 952 2290 assequi
975 2206 1158 2270 coniectura
1179 2204 1286 2271 liceat.
1330 2206 1395 2272 Vbi

256 2319 365 2379 tamen
387 2315 422 2379 in
444 2337 481 2379 eo
503 2319 644 2380 erratum
666 2319 724 2400 est,
748 2316 831 2400 quod
854 2316 888 2380 in
911 2315 1118 2401 Scaligerano
1133 2315 1240 2380 codice
1256 2316 1395 2401 adscrip-

256 2429 324 2489 tam
347 2447 415 2490 esse
435 2433 623 2504 protuleritis
646 2447 710 2492 aaa
730 2425 1030 2509 interpretationem
1051 2426 1136 2490 dixi:
1159 2448 1255 2510 quam
1277 2427 1317 2490 ad
1340 2439 1395 2492 lua

257 2549 313 2600 tax
334 2536 474 2620 glossam
497 2539 530 2619 (ᾖ
554 2537 607 2617 82)
641 2537 802 2620 pertinere
832 2535 1007 2600 certissime
1028 2534 1188 2615 intellexi,
1227 2540 1396 2622 postquam

258 2646 368 2710 avire
394 2645 625 2711 humanissimo
653 2646 706 2711 W.
730 2646 772 2711 N.
802 2648 843 2711 du
872 2645 954 2711 Rieu
982 2649 1098 2731 rogatu
1119 2669 1189 2711 meo
1211 2645 1272 2710 hoc
1294 2668 1396 2731 nuper

258 2756 438 2841 exemplum
460 2761 609 2822 accurate
631 2757 863 2840 transcriptum
886 2757 995 2840 accepi
1017 2757 1103 2821 illius
1125 2757 1274 2842 glossarii
1296 2756 1396 2842 parti-

259 2867 363 2932 culae:

485 3041 624 3103 Soeae'ler.
670 3041 841 3103 Blandilcr.
882 3039 1035 3116 Afflicler.
1080 2961 1194 3102 adias.

611 3153 650 3212 In
672 3153 776 3212 Persa.
1145 3183 1281 3232 qralulanrls
1295 3193 1347 3222 aaa.

415 3261 591 3334 Quali-idua.
629 3263 720 3322 Here.
766 3261 914 3338 Temperi.
958 3264 1109 3323 Amlcr'ler.
1157 3262 1268 3323 Talna.

259 3427 305 3491 Vt
326 3427 415 3491 nulla
436 3426 500 3490 iam
523 3428 607 3492 inter
629 3426 874 3512 Scaligeranum
895 3427 1263 3514 Heidelbergensemque
1278 3429 1398 3493 dissen-

259 3539 307 3602 sio
339 3537 392 3602 sit.
436 3537 545 3620 Ipsum
569 3540 675 3602 autem
694 3543 790 3616 sanus
812 3537 895 3622 quod
917 3537 1001 3602 idem
1024 3537 1306 3624 Heidelbergensis
1328 3545 1398 3604 rell-

257 3649 350 3728 piosa
373 3649 619 3732 interpretatur,
658 3668 724 3712 uon
759 3648 866 3713 minus
894 3649 1064 3713 obscurum
1097 3652 1145 3713 est
1173 3671 1234 3733 quo
1264 3651 1397 3732 spectet,

259 3780 356 3842 quam
377 3757 409 3822 id
434 3758 483 3822 cui
505 3758 747 3842 interpretando
770 3759 968 3843 adscriptum
983 3760 1042 3823 est.

328 4031 353 4098 *)
375 4027 493 4098 Propius
512 4029 612 4084 saltem
629 4027 666 4084 ad
683 4030 765 4084 fidem
783 4029 918 4084 librorum
936 4029 1051 4086 accedes
1068 4029 1107 4085 sic
1124 4029 1320 4100 periclitando:
1350 4032 1399 4088 es.

263 4124 321 4180 Car
339 4123 444 4190 deame!
462 4125 611 4191 addictor?
641 4123 687 4181 Si.
709 4126 779 4192 quid
800 4128 854 4190 ila,
877 4125 994 4189 molam,
1013 4124 1080 4193 dr‘eo
1098 4127 1128 4181 in
1146 4141 1179 4181 os
1197 4123 1297 4181 raclris
1315 4125 1399 4180 milii?

262 4213 350 4270 eiecto
367 4213 528 4286 interpretis
546 4215 738 4271 additamento
756 4219 862 4274 obrius.
896 4218 987 4286 Atque
1010 4225 1127 4274 ructare
1150 4221 1179 4276 ta
1202 4235 1246 4280 oe.
1274 4234 1329 4272 uon
1356 4221 1399 4276 ia·

263 4317 389 4375 ructare,
408 4309 495 4364 hahes
511 4327 536 4364 v.
558 4316 630 4364 1300.
