3264 5082
674 309 711 355 11.
744 307 937 356 ausoauso.
1338 296 1379 360 37

236 462 478 528 verzweifelten
506 459 626 528 Stellen
659 462 747 526 seina
775 460 923 526 Zuflucht
949 462 1042 526 nicht
1068 461 1169 527 selten
1197 464 1314 549 gerade
1342 489 1379 530 zu

234 574 299 638 den
327 573 483 638 Lesarten
512 574 567 637 der
597 573 822 658 interpolirten
849 571 1030 638 Recension
1058 570 1173 656 nahm,
1206 573 1241 638 in
1268 573 1324 640 der
1346 596 1380 640 er

234 683 383 750 offenbar
411 684 473 748 alle
500 683 596 748 awolf
616 681 734 749 Stiioke
761 683 880 748 hesass.
925 681 1021 748 Denn
1049 681 1099 748 die
1121 683 1278 770 Meinung
1299 684 1379 752 Her·
1501 731 1516 750 Ι

233 793 363 858 mann's
387 792 480 858 Vorr.
505 815 532 858 n.
556 792 644 858 Trin.
668 817 700 878 p.
724 791 754 856 V
777 795 885 880 (wenn
908 793 1011 858 dieser
1034 793 1149 859 andere
1171 794 1234 860 den
1256 795 1378 861 Merula
1399 811 1446 859 183

234 904 410 969 besonders
432 904 476 968 im
499 901 598 969 Sinne
620 903 741 988 hatte),
765 904 831 968 und
855 901 1055 970 Schneider’s
1074 903 1163 970 Vorr.
1193 927 1219 968 a.
1246 904 1378 970 Rudens

232 1038 268 1100 p.
286 1012 344 1099 Vl,
370 1014 416 1078 als
438 1035 533 1079 wenn
548 1013 697 1078 Menna’s
720 1015 833 1100 eigene
847 1014 1037 1100 Th'dtiglreit
1058 1015 1126 1080 sich
1148 1014 1301 1100 lediglich
1323 1016 1382 1081 auf

232 1124 480 1210 Verbesserung
507 1125 562 1189 der
588 1124 886 1189 nnbedeutendsten
915 1123 1151 1190 Schreibfehler
1182 1125 1379 1192 beschrdnkt

233 1236 339 1318 h'atte,
363 1236 451 1300 kann
473 1233 525 1299 ich
548 1232 706 1315 durchqus
733 1235 826 1300 nicht
846 1233 978 1300 theilen.
1024 1235 1253 1300 Thatsiichlich
1276 1236 1378 1302 sollen
1441 1241 1442 1244 ’

232 1346 319 1428 dies,
360 1345 419 1410 wie
451 1345 502 1410 ich
537 1345 636 1428 hoffe,
671 1344 722 1410 die
743 1345 924 1410 Varianten
951 1368 990 1410 zu
1018 1346 1080 1411 den
1113 1346 1232 1412 letzten
1267 1347 1377 1412 sieben

233 1455 377 1522 Stsrchen
405 1455 563 1520 beweisen
592 1453 668 1543 [was
697 1453 778 1519 doch
804 1477 866 1519 nur
893 1455 927 1520 in
950 1455 1040 1521 sehr
1061 1456 1247 1542 bedingtem
1270 1447 1377 1522 Musae

233 1565 446 1650 eingetroffen
474 1564 545 1653 isch
580 1565 657 1630 aber
684 1563 783 1629 schon
811 1564 959 1629 Merula’s
987 1567 1099 1650 eigene
1127 1569 1376 1652 Aeusserungen

232 1677 343 1740 lassen
364 1675 445 1740 doch
467 1675 562 1739 lranm
585 1674 741 1756 zweifeln,
765 1676 839 1740 dass
861 1696 895 1739 er
916 1675 968 1740 die
989 1676 1215 1742 entschiedene
1237 1677 1376 1742 Absicht

232 1787 335 1866 hatte,
360 1785 420 1850 den
443 1785 526 1849 Text
553 1785 637 1850 nach
658 1783 799 1850 Krliften
826 1784 926 1850 durch
949 1787 1121 1870 Conjectur
1149 1787 1372 1852 herzustellen.

233 1898 356 1960 Ausser
377 1896 439 1960 den
454 1895 554 1960 schon
569 1894 808 1980 mitgetheilten
823 1894 970 1980 Worten,
994 1896 1044 1960 die
1066 1891 1184 1981 gerade
1208 1897 1374 1983 dasjenige

232 2005 415 2070 Verfahren
437 2027 543 2090 genan
567 2005 778 2087 bezeichnen,
802 2005 938 2070 welches
960 2006 1012 2071 bei
1034 2007 1091 2071 der
1113 2005 1373 2074 Beschaffenheit

233 2117 291 2180 der
305 2115 548 2180 Plautinischen
563 2114 957 2200 Originalhandschrilten
972 2116 1070 2180 allein
1085 2139 1156 2182 zum
1172 2116 1258 2183 Ziele
1272 2117 1372 2201 fllhrt,

232 2225 351 2311 gehiirt
370 2224 482 2290 hicher
503 2225 587 2310 noch
609 2223 787 2310 Folgendes
809 2247 866 2289 aus
889 2226 944 2290 der
967 2225 1124 2309 Vorrede,
1148 2249 1215 2292 was
1238 2229 1308 2293 sich
1331 2251 1373 2293 an

233 2337 291 2400 das
306 2335 423 2400 zuletzt
438 2334 709 2420 ahgeschriebene
727 2333 930 2400 anschliesst:
955 2334 1067 2400 ‘Hanc
1083 2340 1226 2421 egotam
1242 2339 1374 2404 arduam

232 2449 356 2511 ettam
379 2445 527 2510 immensi
556 2444 674 2509 laboris
701 2466 769 2509 rem
789 2446 909 2510 veritus
930 2485 972 2495 -
994 2485 1036 2495 —
1058 2468 1140 2530 pene
1163 2448 1204 2511 ab
1227 2449 1373 2514 emenda·

232 2557 323 2622 tione
351 2555 532 2622 huiusmodi
559 2577 630 2620 sum
657 2554 842 2638 deterritis,
871 2556 935 2620 nisi
957 2578 1007 2620 me
1030 2557 1231 2643 potissimum
1253 2557 1373 2624 hortati

232 2667 372 2731 fuissent
393 2704 435 2715 -
457 2704 498 2714 -
521 2664 735 2750 Hieronymus
757 2663 935 2730 Badnarius
965 2670 997 2730 et
1024 2665 1213 2730 Franciscus
1242 2667 1372 2750 Minius,

232 2776 349 2861 quibus
372 2797 444 2840 cum
465 2775 566 2840 multa
588 2795 737 2859 perversa
759 2778 791 2839 et
811 2776 893 2839 falsa
915 2777 1031 2861 corrigi
1047 2781 1079 2840 et
1092 2776 1127 2840 in
1142 2797 1251 2841 veram
1265 2777 1373 2843 lectio-

235 2909 311 2950 nem
334 2885 437 2970 redigi
463 2907 556 2970 posse
578 2885 733 2967 dicerem,
756 2923 798 2932 —-
820 2925 860 2933 -
882 2908 932 2950 me
955 2889 991 2949 ut
1012 2887 1073 2950 hoc
1095 2887 1319 2972 gravissimum
1341 2893 1373 2952 et

233 2995 471 3060 formidandum
506 3017 585 3059 onus
618 2994 811 3077 susciperem
837 2997 1060 3080 perpulerunt,
1097 2997 1299 3061 continenter
1325 2999 1373 3062 in-

232 3109 368 3188 stantes,
392 3107 429 3169 nt
442 3104 545 3190 quoad
559 3126 652 3188 posse
700 3143 742 3156 ·—-
756 3143 798 3154 —
820 3106 937 3192 viginti
953 3105 1138 3172 Comoedias
1159 3111 1371 3190 emendarem,

235 3219 271 3279 ut
293 3215 464 3300 aliquando
485 3214 667 3300 legentibus
694 3214 868 3299 voluptati,
899 3236 964 3280 non
990 3216 1121 3280 fastidio
1149 3216 1265 3281 forent.
1311 3217 1371 3282 Sed

235 3347 337 3410 neque
360 3325 387 3390 is
401 3347 496 3407 sum,
525 3325 578 3410 qni
608 3323 717 3388 omnia
745 3347 795 3389 me
819 3326 1003 3390 emendasse
1026 3327 1146 3408 dicam,
1177 3331 1234 3391 aut
1256 3329 1372 3392 amissa

234 3435 455 3520 acquisivisse,
479 3437 535 3498 aut
557 3435 681 3499 defecta
703 3435 915 3518 supplevisse,
940 3439 996 3500 aut
1017 3457 1166 3500 numeros
1188 3438 1228 3500 ad
1252 3441 1371 3502 certam

234 3545 378 3630 regulam
393 3548 426 3608 et
439 3544 565 3628 libram,
591 3537 626 3608 ut
641 3545 832 3609 examussim
846 3546 1053 3630 quadrarent,
1076 3546 1251 3632 redegisse3
1274 3548 1371 3614 immo

234 3656 287 3738 qni
308 3654 358 3718 vel
382 3654 415 3718 in
438 3654 579 3738 meipso
601 3655 739 3738 plurima
766 3655 966 3740 desiderum,
996 3656 1097 3720 multa
1125 3656 1170 3720 ita
1199 3661 1236 3722 ut
1261 3657 1370 3723 inveni

234 3764 425 3850 reliquerim.
470 3763 530 3828 Illa
564 3765 649 3828 enim
682 3765 842 3849 tantisper
870 3788 888 3830 a
916 3767 1008 3830 nobis
1040 3766 1092 3830 vel
1124 3767 1288 3832 demutata
1321 3769 1370 3832 vel

235 3874 404 3938 emendata
425 3873 565 3958 luerunt,
589 3878 658 3939 tum
680 3875 727 3939 sic
748 3896 816 3940 esse
839 3897 877 3939 ex
900 3874 1047 3961 diligenti
1071 3880 1104 3940 et
1118 3877 1219 3941 multa
1233 3877 1370 3942 lectione

238 4059 436 4066 --—-,.—-.-—..-...

236 4155 360 4210 letaterm
378 4153 520 4208 mittelbar
537 4153 674 4222 gellonem
691 4153 737 4220 ist,
755 4155 912 4226 uberhaupt
930 4173 977 4210 zur
989 4154 1064 4210 Seite
1081 4155 1188 4220 etehen,
1207 4154 1288 4208 einen
1301 4153 1369 4209 Vor-

236 4263 288 4316 zug
305 4263 355 4302 vor
372 4247 456 4300 ihnen
482 4246 549 4312 (und
572 4246 659 4300 daun
677 4248 829 4317 mtglicher
845 4248 938 4304 Weise
956 4247 1134 4304 ebensowohl
1151 4247 1221 4302 such
1238 4263 1289 4301 vor
1306 4247 1369 4301 dem

236 4343 332 4410 Vetus)
351 4357 412 4394 nur
428 4337 578 4394 vereinaelt
596 4339 682 4393 durch
700 4341 817 4412 etwnige
835 4343 902 4410 gnte
919 4339 1138 4396 Emendationeu
1155 4339 1335 4407 behaupten.]
