3302 5096
293 299 358 365 434
648 319 865 384 vnmnoqvm
888 321 1076 373 susurrus.

297 479 425 552 iq-t'ture
445 481 667 557 paor-tff-ttare
692 476 815 563 fingere
842 499 937 564 quam
965 501 1116 566 umquam
1137 479 1214 546 ficta
1235 484 1311 547 sunt
1331 487 1436 550 claud-

248 599 276 649 xl
298 591 422 650 t'c-e‘tore
443 591 646 654 destituare
673 597 908 655 tutioris-ituri
933 597 1141 657 amb-ulalate
1161 599 1373 660 sort-ttt-ttare
1392 615 1436 660 es·

298 703 430 761 atr-itare
448 701 679 775 serv-ese-t'ture
705 708 955 780 inpetu-tsc-t'ture
981 708 1182 767 lac-ess-t'ture
1202 711 1433 784 patr-isat'ture.

302 805 410 872 Vnum
433 808 563 894 regulae
585 810 789 896 repugnabat
815 811 910 876 nimis
938 812 992 875 diu
1013 816 1225 897 propagatum
1246 817 1282 878 in
1303 816 1436 900 prologo

295 917 578 984 Menaechmomm
611 927 781 987 sicetissitut
813 922 863 987 vel
898 921 977 986 adeo
1008 930 1221 990 sicetr'ct'sst'tat:
1254 947 1434 1011 repugnare

297 1029 403 1114 desiit,
428 1052 466 1095 ex
489 1053 550 1116 quo
572 1053 680 1096 veram
702 1038 849 1098 stcettssat
869 1033 1005 1097 sormam
1027 1033 1127 1116 ipsius
1142 1033 1230 1099 Festi
1245 1036 1435 1101 auctoritate

294 1142 521 1208 revocavimus,

378 1252 468 1318 Haec
489 1253 590 1339 igitur
612 1254 639 1318 si
660 1255 708 1319 ita
729 1257 815 1337 sunt,
839 1257 872 1318 et
887 1254 1055 1318 liberanda
1072 1276 1139 1320 esse
1156 1256 1259 1321 lexico
1270 1264 1434 1338 parcitate

294 1369 481 1443 obiurpiture
495 1365 625 1430 vocibus
642 1368 786 1450 apparet,
811 1368 843 1429 et
857 1364 957 1430 multo
973 1366 1076 1451 magis
1097 1367 1273 1433 cavendum
1293 1390 1334 1433 uc
1349 1390 1433 1433 novo

292 1481 473 1554 ctartqttare
494 1475 615 1540 formae
638 1461 817 1540 commento
839 1475 1084 1561 interpolentur,
1108 1477 1192 1561 quod
1208 1476 1347 1542 Lucretii
1361 1500 1430 1543 ver-

293 1586 341 1650 sui
363 1585 403 1670 V,
428 1586 488 1651 947
512 1585 736 1651 Lachmannus
758 1586 918 1652 adhibuit:

375 1712 419 1770 Vt
438 1731 519 1772 nunc
540 1711 694 1771 montibus
716 1731 731 1770 a
753 1711 871 1789 maguis
894 1713 1034 1772 decursus
1057 1713 1146 1790 aquai

376 1796 537 1875 Ola'rigitat
557 1798 619 1856 late
640 1797 774 1856 sitientia
796 1798 892 1857 saecla
913 1798 1052 1856 serarum.

292 1927 444 2004 Quodne
467 1949 524 2012 per
546 1949 580 1992 se
602 1926 744 2012 quidem,
773 1927 919 1992 etiamsi
941 1929 1152 2014 grammatica
1178 1929 1260 1994 ratio
1289 1951 1354 1995 non
1376 1929 1429 1994 ad-

291 2041 486 2122 versaretur,
515 2037 642 2122 placere
664 2040 785 2122 posset:
816 2041 883 2102 tam
903 2059 971 2104 non
992 2039 1085 2104 modo
1107 2040 1189 2104 mira
1209 2040 1287 2104 iuris
1309 2040 1429 2125 publici

291 2149 333 2214 ad
356 2170 555 2214 communem
576 2171 668 2212 usum
690 2148 861 2213 translatio
883 2152 983 2233 esset,
1008 2171 1116 2215 verum
1138 2150 1236 2214 ctiam
1258 2173 1277 2215 a
1299 2153 1430 2236 propria

291 2261 323 2325 vi
346 2259 566 2345 clarigationis
588 2281 678 2324 secus
700 2258 841 2324 detorta:
870 2264 907 2324 ut
928 2283 990 2346 qua
1011 2281 1077 2326 non
1099 2282 1150 2325 res
1172 2261 1333 2346 quaelibet
1354 2284 1428 2346 quo-

290 2371 371 2435 libet
391 2370 484 2435 modo
506 2373 693 2454 repetantur
714 2369 910 2455 simpliciter,
935 2371 991 2435 sed
1012 2375 1123 2456 raptae
1145 2371 1196 2436 vel
1218 2393 1276 2456 per
1299 2372 1361 2436 vim
1381 2394 1429 2436 re

190 2531 196 2542 ,
292 2483 401 2547 tentae
417 2484 512 2566 atque
527 2480 653 2546 debitae
668 2481 865 2546 sollemniter
886 2471 1106 2566 eirposcantur.
1138 2480 1241 2557 Quam
1255 2483 1290 2546 in
1304 2487 1429 2566 partem

293 2614 364 2657 cum
387 2592 453 2675 alii,
476 2594 513 2657 ut
535 2591 662 2659 Servius
684 2592 718 2656 in
732 2591 890 2657 Aeneidos
913 2591 970 2676 IX,
993 2593 1045 2658 53.
1071 2591 1112 2677 X,
1139 2593 1188 2677 14,
1211 2596 1280 2657 tum
1302 2597 1429 2678 praeter

294 2707 414 2768 ceteros
436 2702 631 2787 planissimis
652 2703 758 2768 verbis
780 2701 903 2767 Plinius
930 2703 1160 2788 interpretatus
1182 2705 1231 2767 est
1252 2703 1328 2768 Nat.
1352 2703 1426 2768 bist.
1489 2719 1493 2728 '

267 2900 271 2908 Ι
292 2813 386 2879 XXII
409 2817 429 2896 ξ
451 2815 487 2880 5:
516 2835 533 2878 e
553 2821 676 2899 tepetis,
700 2835 767 2880 cum
789 2821 832 2879 ud
852 2821 944 2880 tostis
965 2821 1207 2894 claritatemque
1228 2822 1426 2894 mitterentur,

292 2932 327 2990 id
346 2939 390 2992 est
410 2947 460 2990 res
481 2936 591 3008 raptas
612 2931 696 2991 ctare
717 2932 884 3006 repetitum.
929 2924 1008 2989 Elius
1030 2924 1130 3009 igitur
1151 2924 1292 2989 notionis
1314 2925 1428 2989 severi-

293 3040 344 3101 tas
367 3039 399 3101 et
420 3057 519 3120 prope
548 3035 682 3100 dixerim
710 3036 863 3101 atrocitas
891 3036 947 3120 qui
974 3036 1085 3099 eadere
1113 3055 1205 3119 posse
1232 3035 1267 3099 in
1289 3035 1429 3100 fluminis

293 3147 412 3212 solacia
434 3145 580 3212 credetur
602 3146 780 3211 sitientium
801 3167 917 3232 greges
939 3146 1079 3210 feramm
1100 3145 1286 3230 repetentis,
1310 3145 1428 3210 blando

293 3280 447 3343 aquamm
473 3257 686 3322 invitamento
716 3257 756 3322 ad
784 3279 818 3322 se
845 3256 1084 3344 revocantis?*)
1127 3255 1284 3322 Necnon
1311 3255 1429 3320 nimius

292 3369 376 3434 idem
400 3366 636 3452 ‚Lachmannus
669 3367 731 3432 fuit
757 3368 793 3432 in
820 3367 1028 3454 Forbigerurn
1059 3366 1256 3452 invehendo,
1292 3367 1374 3451 quod
1401 3366 1429 3430 is

295 3481 397 3545 Otaru'
417 3487 494 3562 citat
514 3482 628 3563 poetae
642 3477 787 3544 tribuens
803 3478 973 3562 dupliciter
987 3481 1166 3563 peccasset:
1189 3479 1305 3563 quippe
1320 3475 1428 3540 decur-

294 3613 364 3654 sum
393 3611 493 3675 aquae
519 3611 580 3655 nec
606 3597 704 3655 citare
729 3589 814 3654 feras
842 3587 874 3653 h.
899 3611 926 3654 e.
956 3587 1091 3654 ‘autad
1120 3611 1246 3653 cursum
1273 3587 1429 3673 instigare

295 3703 350 3766 aut
372 3701 502 3766 nomine
531 3700 721 3786 appellare’,
755 3723 815 3766 nee
842 3703 928 3766 recte
955 3708 1074 3767 clarum
1101 3699 1164 3764 dici
1185 3703 1349 3784 tamquam
1376 3698 1429 3782 qui

295 3811 380 3877 clare
407 3811 580 3877 audiretur.
635 3811 680 3877 Et
709 3811 770 3877 boc
802 3810 930 3896 quidem
959 3811 1015 3876 ille
1046 3809 1229 3875 verissime:
1263 3831 1331 3875 non
1362 3813 1429 3874 tam

361 4017 386 4086 *)
416 4015 512 4086 [Recte
535 4014 622 4087 igitur
644 4016 714 4072 acris
736 4013 831 4070 iudicii
857 4015 898 4070 vir
923 4013 1005 4086 Hugo
1031 4013 1130 4070 Munro
1156 4011 1339 4084 praefationis
1365 4027 1430 4068 suae

295 4109 349 4177 (ed.
368 4107 498 4165 cantabr.
519 4127 544 4164 a.
565 4112 641 4180 1860)
658 4128 685 4181 p.
703 4109 780 4165 XXX
798 4109 1021 4164 ‘Lachmannus’
1040 4107 1080 4163 ait
1098 4109 1270 4178 ‘clarificae
1288 4105 1363 4175 quod
1379 4122 1431 4160 uec

295 4202 394 4258 dieitur
411 4203 508 4258 Latine
525 4219 578 4258 noc
595 4203 649 4258 dici
665 4203 760 4276 potest
776 4217 839 4269 nec,
857 4201 881 4256 si
898 4201 1048 4268 diceretur,
1066 4201 1141 4271 quod
1158 4201 1205 4256 ills
1222 4199 1310 4255 voluit
1326 4198 1431 4268 signifi·

295 4313 357 4352 care
375 4297 487 4366 posset!
512 4295 687 4365 Quamquam
699 4297 734 4353 de
745 4293 891 4364 Forbigeri
909 4294 1067 4350 coniectura
1083 4294 1167 4361 longe
1184 4293 1260 4348 idem
1278 4309 1363 4360 quam
1379 4307 1432 4362 par

294 4391 356 4446 erat
373 4389 553 4460 clementius]
