3300 5102
572 329 618 376 ns
641 327 812 376 assuerus
835 326 918 375 som
939 325 1086 374 sonam.
1333 303 1393 369 391

258 489 363 551 autem
396 484 473 567 hoc,
508 483 562 568 qui
584 482 741 548 rationem
763 482 894 546 omnino
916 479 1037 544 nullam
1058 479 1133 544 talis
1157 475 1280 544 consilii
1303 496 1396 560 posse

258 597 393 683 cogitari
415 594 621 680 reputaverit.

341 705 491 792 Sequitur
522 708 573 789 ut,
608 703 760 790 quando
792 702 964 767 invaluerit
1001 703 1144 766 veterum
1180 719 1396 782 novarumque

257 817 445 904 appellatio,
478 816 660 902 indagetur.
706 814 754 878 De
788 837 850 900 quo
873 812 1109 899 perversissime
1131 809 1294 875 Nardinus
1315 808 1395 874 iudi-

257 929 360 1013 cabat,
394 928 458 994 iam
491 925 793 992 aDralrenborohio
825 927 866 990 ob
897 925 931 989 id
964 922 1186 1009 reprehensus,
1212 921 1294 987 nibil
1317 919 1395 984 dicit

257 1039 427 1123 Beckerus,
452 1037 621 1102 Bunsenus
643 1040 750 1102 autem
772 1058 803 1120 p.
827 1037 867 1100 27
891 1035 1011 1120 aliquid
1033 1033 1174 1099 decrevit
1199 1031 1283 1117 quod
1306 1033 1338 1095 et
1359 1030 1394 1094 in

256 1151 440 1215 coniectura
466 1147 605 1233 positum
634 1150 683 1212 est
710 1149 811 1211 totum
834 1148 867 1210 et
891 1168 929 1211 ea
951 1168 992 1211 ne
1014 1167 1071 1230 per
1093 1166 1126 1209 se
1148 1141 1276 1229 quidem
1298 1163 1394 1226 appo-

255 1261 317 1326 sita
339 1262 379 1325 ad
401 1257 666 1345 persuadendum.
711 1257 834 1342 Quippe
856 1277 1010 1322 novarum
1026 1277 1143 1322 nornen
1165 1254 1303 1319 inditum
1325 1273 1393 1317 esse

253 1370 557 1456 septentrionalibus
579 1369 739 1453 tabernis,
773 1367 857 1454 quod
879 1368 949 1453 hae,
974 1391 1046 1433 cunr
1068 1368 1107 1432 ad
1130 1363 1325 1430 amoliendas
1348 1363 1392 1428 la·

254 1483 366 1547 sienae
389 1481 602 1563 accederetur,
626 1479 715 1564 prius
738 1482 845 1544 essent
865 1481 900 1544 in
916 1479 1117 1565 argentarias
1132 1479 1274 1542 mutatae
1296 1497 1392 1560 quam

151 1627 158 1634 ·
254 1591 426 1658 australes:
455 1594 491 1657 ut
513 1613 570 1676 per
592 1575 718 1676 aliquod
739 1591 892 1676 temporis
914 1591 1063 1675 spatium,
1088 1587 1274 1652 Bunsenum
1296 1585 1323 1651 si
1345 1607 1392 1650 se·

253 1725 397 1788 quamur,
431 1701 633 1788 argentarias
655 1703 755 1787 partis
793 1702 942 1766 sinistrae
979 1683 1015 1766 ut
1050 1721 1149 1764 novas
1185 1697 1393 1783 opposuerint

252 1814 390 1880 lanienis
419 1814 549 1879 dextrae
576 1813 677 1898 partis
707 1815 743 1878 ut
763 1813 940 1895 veteribus,
969 1834 1039 1877 eam
1068 1813 1174 1875 autem
1208 1807 1391 1894 appellandi

253 1925 513 1991 consuetudinem
543 1925 701 1989 servarint
728 1923 825 1988 etiam
853 1926 927 2008 post
952 1923 1011 1987 bas
1039 1925 1160 1988 veteres
1189 1918 1390 2006 argentarias

252 2037 372 2119 factas,
401 2035 515 2121 quibus
544 2057 561 2100 a
588 2035 635 2099 rei
660 2035 795 2099 veritate
824 2055 978 2100 novarum
1004 2055 1122 2098 nomen
1149 2053 1237 2096 nunc
1263 2030 1390 2115 quidem

252 2146 329 2230 ipsis
352 2149 555 2231 competeret.
588 2145 760 2210 Praeteriit
776 2144 972 2230 Bunsenum,
995 2144 1056 2210 hoo
1077 2144 1105 2209 si
1127 2143 1174 2208 ita
1189 2163 1222 2207 sc
1244 2141 1388 2225 baberet,

250 2279 316 2321 non
332 2257 378 2322 sic
393 2256 572 2321 locuturum
586 2257 685 2321 fuisse
700 2255 840 2321 Livium:
864 2278 943 2337 quae
956 2277 1052 2322 uuae
1067 2275 1163 2322 uovue
1177 2259 1389 2335 uppettaatur:

251 2367 405 2452 siquidem
436 2367 501 2432 iarn
528 2369 607 2431 tunc
635 2367 744 2432 eadem
778 2367 938 2432 obtineret
966 2366 1149 2450 appellatio.
1198 2363 1268 2430 Nec
1299 2387 1389 2450 prae·

250 2477 365 2542 sidium
386 2477 434 2541 illi
455 2477 599 2572 opinioni
621 2499 638 2542 e
660 2477 814 2542 Varronis
836 2478 875 2543 de
897 2477 1010 2563 lingua
1031 2477 1088 2541 lat.
1111 2475 1158 2540 VI
1181 2480 1201 2558 ξ
1222 2477 1264 2542 59
1274 2499 1306 2561 p.
1325 2477 1387 2543 237

250 2587 304 2672 Sp.
322 2589 457 2653 accedit:
474 2587 528 2652 ubi
543 2588 604 2652 etsi
613 2599 817 2669 pervetustum
831 2589 948 2653 dieitur
963 2609 1118 2653 novarum
1132 2608 1259 2668 nomen,
1276 2591 1385 2653 tamen
1404 2601 1454 2651 vm

249 2697 309 2763 hoo
324 2702 357 2763 et
370 2720 429 2783 per
442 2721 476 2762 se
490 2720 556 2763 non
571 2697 676 2763 minus
692 2703 778 2763 recte
793 2699 827 2763 in
843 2700 937 2763 unius
952 2721 1047 2784 quam
1059 2699 1095 2762 in
1106 2697 1240 2762 duorum
1251 2697 1388 2764 triumve

250 2809 445 2873 saeculorum
468 2809 607 2893 spatium
623 2809 718 2891 cadit,
742 2813 775 2874 et
796 2809 843 2873 ita
863 2810 990 2892 dicitur,
1014 2813 1129 2873 utnon
1145 2807 1311 2893 longitudo
1333 2831 1387 2894 po-

248 2919 407 2984 tissimum
434 2921 587 3004 temporis
618 2923 794 3004 spectetur,
830 2919 884 2984 sed
907 2919 1068 2984 contraria
1090 2919 1137 2983 vis
1168 2918 1267 3002 ipsius
1295 2941 1387 2984 novus

248 3029 405 3094 notionis:
437 3033 511 3096 Sub
545 3037 652 3094 uouts
684 3037 766 3096 dictu
793 3052 872 3111 pars
894 3037 925 3095 tu
943 3034 1019 3107 soro
1051 3035 1273 3110 aedificiorum,
1306 3037 1388 3110 quod

248 3146 424 3206 uocabulum
456 3148 485 3204 ei
511 3151 730 3224 pervetustum,
765 3151 797 3205 ut
834 3145 960 3206 Novae
996 3148 1092 3219 vtae,
1128 3163 1206 3220 quoe
1238 3147 1288 3206 utu
1325 3147 1385 3205 tum

247 3257 301 3316 (tiu
330 3262 421 3316 vetus.
457 3250 520 3314 Vbi
547 3251 600 3314 vix
632 3250 703 3335 plus
727 3251 812 3316 valet
835 3263 1054 3334 pervetustum,
1083 3251 1229 3336 quamsi
1254 3250 1387 3316 dixisset
1436 3339 1442 3345 ι

247 3383 325 3440 qaue
350 3383 426 3442 pars
455 3368 514 3426 tum
537 3368 590 3426 diu
612 3372 702 3426 uetus.
732 3401 774 3412 -
804 3361 920 3438 Quodsi
944 3361 1214 3444 circumspicimus
1246 3365 1383 3446 tempus,

246 3493 308 3555 quo
330 3494 396 3537 non
418 3474 569 3556 utraeque
591 3473 686 3537 simul
708 3473 861 3538 tabernae
884 3475 1057 3556 exstarent,
1086 3473 1132 3538 ita
1155 3475 1192 3538 ut
1221 3471 1384 3557 aliquanto

246 3585 319 3666 post
339 3583 408 3647 iure
428 3586 561 3666 possent
582 3583 701 3647 alterae
724 3583 831 3648 alteris
854 3585 1046 3649 recentiores
1061 3583 1142 3648 dici:
1165 3583 1242 3648 satis
1264 3583 1383 3648 indicio

246 3713 314 3756 esse
345 3693 416 3776 ipsa
438 3692 520 3757 Livii
551 3693 703 3758 memoria
726 3694 864 3777 videtur,
889 3695 964 3779 quid
984 3695 1029 3759 sit
1050 3716 1115 3759 non
1138 3694 1288 3759 mediocri
1311 3715 1382 3760 cum

246 3801 470 3884 probabilitate
503 3803 770 3888 amplectendum.
825 3803 955 3870 Etenim
982 3804 1036 3869 ille
1076 3828 1146 3869 eum
1172 3803 1307 3882 XXVII,
1343 3807 1380 3868 11

245 3911 439 3995 planissimis
462 3913 565 3978 verbis
588 3919 698 3980 narret
713 3939 740 3979 a.
757 3915 820 3981 545
844 3927 954 3996 septem
976 3921 1128 3999 tavernas,
1151 3937 1217 3980 non
1239 3922 1382 3980 tabernas

244 4023 414 4106 superioris
437 4024 514 4088 anni
529 4023 677 4090 incendio
692 4025 823 4090 haustas
838 4025 987 4092 refecisse
1003 4047 1158 4110 censores,
1180 4026 1381 4112 consequitur

245 4133 386 4214 profecto
409 4135 669 4217 septentrionalis
691 4139 792 4221 partis
812 4137 963 4202 tabernas
977 4138 1133 4222 posterius
1149 4136 1275 4202 demum
1290 4138 1380 4202 resti-

244 4243 329 4307 tutas
363 4265 446 4328 esse,
480 4266 541 4310 nec
574 4247 741 4331 quicquam
774 4249 877 4332 magis
899 4270 968 4312 esse
991 4251 1241 4313 consentaneum
1262 4251 1378 4334 potest,

242 4373 338 4436 quarn
366 4354 406 4418 ab
428 4353 488 4420 hoc
510 4356 584 4420 inda
605 4359 748 4442 tempore
769 4379 959 4424 novarum
982 4359 1119 4444 nomine,
1144 4381 1225 4444 quae
1247 4381 1281 4425 re
1305 4381 1378 4424 vera
