3300 5102
274 311 337 376 378
550 331 789 391 qvnnsmouus
813 333 1119 384 'ronoeunumcnn

228 561 249 587 ⁸
276 481 414 568 ceret*),
445 483 577 549 Metiam
607 485 673 550 sive
705 487 813 570 potius
841 487 997 553 Maeciam
1026 489 1116 575 (nam
1145 515 1164 554 a
1192 492 1278 555 tribu
1311 493 1411 579 ducit)

274 594 389 658 statuit
411 595 451 658 ab
473 595 641 680 Esquilina
669 597 766 680 plane
793 598 950 663 diversam
978 603 1010 664 et
1031 599 1117 665 inter
1143 601 1228 666 hauc
1255 602 1413 689 Querque-

273 704 481 790 tulanamque
508 707 615 791 posuit
643 707 791 773 mediam.
837 709 932 776 Cunus
960 699 1101 775 instituti
1123 733 1189 777 non
1212 713 1414 798 adsequimur

273 838 386 882 sanam
408 817 577 882 rationem.
622 818 707 884 Nam
734 823 772 884 ut
793 820 879 885 aliud
900 821 1050 907 quiddam
1072 845 1158 887 nunc
1180 823 1324 908 mittem,
1353 847 1414 890 nec

273 951 330 1013 per
352 952 385 993 se
407 929 505 993 habet
526 929 605 995 illud
621 935 846 1016 argumentum
868 933 933 997 vim
948 931 1056 1016 ullam,
1082 955 1163 1017 cum,
1188 935 1271 1020 quod
1294 936 1413 1000 etiam

273 1039 350 1104 alibi
384 1040 545 1105 interdum
582 1043 688 1126 fieret,
723 1045 832 1107 tamen
865 1043 908 1107 de
940 1066 1045 1126 more
1078 1045 1220 1128 potuerit
1252 1045 1412 1130 Esquilini

274 1151 379 1236 campi
407 1153 573 1237 proprium
601 1175 684 1218 esse:
721 1175 780 1218 nec
811 1155 839 1218 si
865 1153 1015 1237 haberet,
1045 1155 1108 1219 alio
1129 1155 1266 1239 ualeret,
1290 1157 1353 1220 nisi
1376 1161 1413 1221 ut

273 1285 338 1327 uon
360 1263 541 1328 necessario
564 1264 696 1328 eandem
719 1286 787 1330 esse
803 1265 935 1330 Motiam
951 1270 1046 1350 atque
1061 1266 1263 1352 Esquilinam
1285 1267 1412 1332 creden-

242 1371 247 1390 '
273 1374 356 1457 dam,
381 1375 436 1439 scd
458 1396 572 1458 posse
595 1377 763 1460 utramque
786 1375 944 1441 diversam
966 1376 1078 1442 haberi
1101 1381 1281 1462 appareret.
1327 1377 1407 1453 Quid

273 1488 380 1549 autem
401 1487 481 1550 illud
502 1486 633 1551 tandem
656 1509 724 1551 esse
746 1486 897 1572 dicamus,
922 1488 1005 1573 quod
1028 1488 1067 1552 ab
1089 1488 1152 1552 isto
1167 1489 1294 1573 quidem
1318 1511 1412 1574 argu-

273 1600 381 1661 mento
402 1597 564 1682 profectus
586 1598 649 1683 ipsi
671 1597 857 1683 Esquilinae
885 1599 1062 1683 proximam
1084 1599 1215 1684 posuit?
1258 1599 1361 1676 Quam
1382 1600 1410 1663 si

272 1709 346 1792 quis'
370 1707 507 1773 mediam
533 1709 648 1773 feccrit
673 1709 759 1773 inter
781 1708 938 1776 Collinam
968 1713 1001 1774 et
1023 1710 1218 1794 Salutarem,
1247 1710 1298 1775 vel
1326 1711 1411 1774 inter

273 1817 435 1903 Capenam
459 1819 806 1904 Caelimontanamque,
828 1820 878 1885 vel
900 1844 918 1884 a
940 1821 1031 1886 laeva
1054 1820 1168 1885 saltem
1189 1824 1281 1906 parte
1299 1819 1411 1905 Esqui-

271 1929 357 1993 linae
378 1929 464 1994 inter
485 1932 569 1995 hanc
592 1935 624 1995 ct
646 1929 855 1995 Viminalem:
893 1932 922 1995 ei
944 1932 1019 2014 quid
1040 1931 1172 1995 tandem
1194 1930 1341 2014 Nibbyus
1363 1953 1409 1996 re-

273 2063 448 2124 sppnsurus
479 2041 602 2106 fuerit?
645 2042 750 2125 Atque
772 2041 915 2106 instituit
937 2043 1003 2106 eius
1031 2041 1117 2106 modi
1146 2040 1296 2126 quiddam
1330 2041 1410 2105 alius

273 2152 424 2237 scriptor,
449 2153 631 2237 Stephanus
654 2151 743 2216 Piale
766 2152 989 2218 dissertatione
1012 2159 1089 2218 delle
1111 2163 1202 2234 porte
1223 2159 1274 2216 del
1294 2159 1410 2218 rectnlo

273 2270 306 2328 di
325 2254 431 2328 Seruio
456 2268 554 2329 Tullio
576 2269 656 2328 nelle
680 2275 774 2345 purte
797 2270 943 2328 orientale
971 2271 1006 2328 dr·
1031 2269 1127 2328 Romu
1156 2285 1185 2327 a.
1213 2263 1294 2328 1833
1323 2262 1409 2327 edita

272 2397 304 2458 p.
326 2374 366 2437 21
390 2397 449 2458 sq.,
473 2375 528 2438 ubi
549 2375 624 2438 inde
647 2375 806 2440 allillina
826 2376 887 2440 hoc
909 2397 977 2439 sese
1000 2375 1111 2438 ordine
1134 2372 1277 2460 singulas
1300 2375 1410 2458 portas

273 2484 434 2570 excepisse
449 2486 558 2551 finxit:
582 2484 750 2569 Collinam,
765 2485 970 2569 Catudariam,
983 2484 1188 2569 Viminalcm,
1206 2484 1407 2564 Collatinam,

272 2595 429 2661 Maeciam
458 2596 572 2682 (Meeia
595 2597 707 2662 scribit
733 2619 790 2681 pro
813 2603 935 2680 Mezia,
965 2619 1157 2682 quamquam
1179 2619 1198 2659 a
1219 2594 1318 2659 Metio
1346 2593 1409 2658 dic-

272 2711 340 2770 tam
361 2708 504 2793 putans),
528 2708 740 2793 Esquilinam.
785 2707 868 2773 Nolo
889 2730 977 2773 nune
998 2708 1119 2792 reliqua
1141 2707 1331 2790 impugnare
1354 2728 1408 2769 no-

272 2817 376 2883 mina:
400 2822 512 2884 contra
534 2842 614 2904 quae
630 2842 667 2884 ca
682 2820 745 2884 dici
766 2803 911 2903 possunt,
935 2841 1015 2903 quae
1038 2817 1168 2883 difficile
1190 2816 1288 2880 fuerit
1310 2815 1410 2898 repel-

271 2929 352 2994 lere:
375 2929 410 2994 in
430 2929 500 3013 ipsa
523 2930 623 2995 Metia
645 2931 892 3016 disputationem
916 2930 1072 2994 contineo.
1104 2927 1215 3011 ltaque
1237 2925 1290 3000 hic
1312 2925 1409 3007 scrip-

272 3043 323 3104 tor
346 3063 401 3105 cur
422 3041 511 3104 irmta
530 3040 746 3125 Esquilinam,
770 3062 962 3125 quamquam
984 3039 1022 3102 ad
1042 3036 1167 3102 laevam
1188 3036 1293 3120 potius
1315 3055 1408 3118 quam

274 3173 346 3215 cum
367 3151 495 3236 Nibbyo
518 3152 557 3215 ad
574 3152 734 3236 'dextram
757 3151 862 3216 locum
878 3150 994 3214 Metiae
1016 3151 1127 3232 portae
1149 3143 1338 3229 adsignarit,
1362 3142 1408 3204 in-

273 3261 383 3347 tellegi
412 3265 496 3327 certe
524 3264 643 3345 potest3
677 3263 794 3347 quippe
820 3282 887 3324 non
920 3259 1104 3340 dubitabat,
1141 3255 1219 3340 quin
1252 3255 1290 3318 de
1322 3273 1408 3317 more

273 3373 439 3457 suppliciis
472 3373 714 3457 sepulturaeque
753 3393 883 3454 campus
919 3369 1105 3454 Esquilinus
1141 3363 1339 3446 inservierit,
1376 3362 1409 3427 id

274 3482 357 3566 quod
378 3487 555 3568 negaverat
576 3481 731 3567 Nibbyus.
767 3481 961 3565 Accedebat,
984 3478 1067 3564 quod
1089 3477 1224 3542 duarum
1245 3477 1410 3561 portarum

342 3732 367 3800 *J
390 3732 506 3801 ‘Questi
528 3732 583 3788 due
604 3733 687 3799 passi
711 3731 754 3796 (di
769 3730 884 3796 Plauto)
907 3730 1006 3799 secero
1029 3728 1068 3784 ad
1083 3727 1181 3783 alcuni
1198 3725 1327 3782 moderni
1343 3740 1409 3781 con-

273 3827 396 3898 sendere
414 3828 443 3882 la
457 3833 543 3894 poree
559 3824 654 3881 Meziu
673 3825 745 3882 colla
764 3824 922 3893 Esquiliae,
937 3821 1046 3892 percle
1064 3820 1111 3876 ael
1125 3821 1218 3888 nmmo
1236 3821 1263 3876 st
1277 3819 1364 3890 parta
1381 3820 1412 3874 a·

276 3939 316 3979 aa
338 3937 419 3990 rope,
447 3919 495 3977 nel
515 3920 637 3978 secondo
660 3919 690 3974 dr·
713 3936 752 3976 aa
774 3918 927 3988 supplicio,
955 3931 1031 3974 come
1048 3914 1125 3972 soliti
1140 3915 1222 3984 sarsi
1236 3915 1319 3982 suoru·
1336 3913 1410 3970 della

272 4022 358 4085 porto
376 4015 479 4072 Mezio.
515 4013 566 4070 Mo
583 4020 687 4082 quanto
706 4014 735 4070 el
749 4015 842 4083 primo
861 4029 918 4069 non
937 4027 989 4068 ero
1005 4011 1149 4078 privativa
1167 4008 1243 4066 dello
1258 4013 1344 4076 porte
1356 4007 1411 4062 Es·

276 4111 382 4180 quilina
410 4109 472 4166 sola
494 4107 584 4164 l'aoer
605 4107 688 4178 fuori
713 4107 849 4176 sepolcri,
873 4123 888 4162 e
912 4106 1011 4174 percit
1032 4102 1202 4173 perlandosr'
1228 4102 1259 4157 di
1282 4117 1320 4157 ua
1343 4116 1411 4167 rope

277 4220 334 4260 noa
356 4219 391 4260 ne
414 4219 499 4271 seque
521 4203 572 4258 ele
594 4202 623 4257 la
644 4201 740 4257 Μαῖα
757 4203 841 4270 forse
860 4217 919 4256 uere
933 4204 1035 4256 stesso
1052 4203 1136 4267 porta
1155 4195 1227 4252 eollo
1245 4194 1411 4262 Esquilino.-

276 4301 380 4365 meanto
394 4300 445 4365 pot
462 4298 491 4352 al
508 4295 647 4364 reapplirr'o
665 4311 773 4351 ancora
791 4300 888 4364 questo
901 4311 957 4350 non
970 4295 996 4350 εἰ
1013 4293 1145 4360 eseprriea
1163 4289 1222 4346 solo
1239 4289 1321 4358 seori
1337 4287 1412 4343 dello

273 4399 359 4464 porte
377 4390 536 4460 Esquilina,
555 4408 600 4446 nra
615 4405 690 4459 pure
708 4392 737 4445 r'n
756 4389 824 4445 altri
841 4388 943 4456 lucebi,
961 4403 976 4444 e
995 4387 1095 4444 derare
1114 4385 1141 4442 le
1160 4383 1228 4440 ciera
1247 4387 1376 4440 encore)
