3300 5102
294 359 356 425 396
602 379 875 430 auuuua'rrouas
898 381 1129 430 nuncnroms.

447 540 611 599 Mercatum
634 560 651 598 a
673 559 704 598 se
727 541 797 601 dum
820 541 915 600 filium
938 541 1070 600 extrudit
1092 544 1192 617 pater,

446 625 476 683 ls
499 645 622 702 peregre
644 626 733 684 unius
756 627 876 686 redimit
899 627 1036 686 ancillam
1059 627 1187 703 hospitis

446 710 556 768 Amore
579 713 699 785 captus:

293 825 348 908 qui
371 827 477 907 potest
499 847 613 888 sanum
636 847 719 908 esse,
744 827 870 910 quando
893 849 957 892 non
980 829 1124 911 profecto
1145 828 1220 892 dum
1243 827 1431 910 extruditur,

294 935 349 998 sed
377 934 431 998 diu
455 939 526 1018 pest
547 957 642 1019 (priam
665 940 811 1000 extrusus
834 941 897 1020 est,
927 937 1077 1002 ancillam
1105 938 1193 1002 illam
1222 939 1299 1002 emit
1327 938 1434 1002 lilius?

295 1044 383 1120 Quod
418 1046 614 1129 perspiciens
646 1051 804 1112 corrector
830 1048 931 1112 Italus
965 1055 1034 1113 dum
1063 1049 1254 1133 particulam
1290 1048 1431 1113 delebat:

296 1179 355 1220 nec
379 1156 606 1221 convenienter
628 1158 688 1221 arti
718 1161 844 1228 etcum
872 1160 967 1242 ruina
994 1182 1206 1224 numerorum.
1252 1159 1312 1223 His
1334 1159 1434 1244 igitur

295 1271 332 1330 ut
354 1271 562 1351 succurreret,
588 1274 755 1334 Merentem
779 1275 816 1333 ab
831 1277 1002 1347 seselitium
1017 1293 1043 1333 e.
1055 1293 1089 1350 p.
1113 1269 1267 1354 Iosephus
1290 1270 1434 1353 Scaliger

296 1377 549 1462 commendabat,
574 1379 706 1462 ignarus
728 1379 782 1443 ille
799 1369 878 1464 ¹qnid
900 1381 1029 1444 taudem
1044 1381 1159 1444 vetusti
1183 1381 1256 1444 libri
1279 1379 1433 1463 prodidis-

296 1491 377 1552 sent.
422 1488 450 1552 Ε
473 1489 586 1574 quibus
609 1489 668 1583 soli
690 1491 885 1555 Decurtatus
908 1491 1147 1575 Vaticanusqne
1169 1513 1188 1553 o
1210 1513 1242 1555 se
1263 1497 1334 1554 dum
1354 1490 1433 1554 illud

295 1602 424 1682 tenent,
449 1601 544 1686 louge
567 1601 652 1664 aliud
675 1601 774 1665 Vetus
797 1604 918 1666 servat:
956 1608 1126 1667 Merentem
1155 1609 1302 1666 edentium
1326 1608 1431 1677 filicem.

251 1727 278 1774 tv
298 1710 335 1774 lu
365 1733 428 1794 spuo
451 1718 494 1776 ed
513 1718 623 1776 socium
652 1712 751 1776 latere
774 1711 955 1777 Camerario
977 1714 1096 1796 visura,
1121 1713 1203 1798 quod
1225 1734 1266 1776 ne
1287 1711 1433 1796 intellegi

297 1821 423 1906 quidem
445 1825 567 1906 potest:
590 1827 749 1888 adsiduum
773 1824 889 1888 Botlrio
911 1824 997 1907 olim,
1021 1824 1103 1908 quod
1127 1827 1177 1888 est
1198 1845 1326 1908 prorsus
1348 1823 1434 1886 inco-

297 1932 441 2016 gitanter
468 1933 694 2018 excogitatum.
746 1935 827 2010 Quid
861 1935 970 1998 enim?
1007 1935 1157 1998 adsiduus
1185 1936 1221 1997 ut
1248 1933 1274 1996 is
1297 1933 1432 2015 dicatur,

297 2065 390 2127 quern
419 2047 485 2107 tam
513 2045 672 2128 perditura
705 2045 955 2130 dissolutumque
984 2045 1112 2110 fabulae
1141 2045 1291 2129 prologus
1319 2043 1434 2108 descri-

298 2153 368 2238 bat,
393 2157 430 2217 nt
458 2176 521 2218 non
552 2154 614 2218 alia
641 2156 702 2220 nisi
733 2156 800 2221 eins
827 2156 928 2240 ipsius
956 2156 1118 2240 nequitiae
1151 2154 1434 2239 prodigentiaeque

298 2287 410 2329 caussa
431 2268 606 2329 mercatum
628 2270 721 2350 pater
735 2267 926 2332 extruserit?
955 2266 1158 2333 Contrarium
1174 2266 1342 2330 dicendum
1366 2269 1436 2328 erat

298 2375 478 2460 dictumque
501 2379 551 2440 est
577 2377 660 2441 haud
684 2378 778 2442 dubie
802 2378 842 2442 ab
864 2378 975 2444 horum
998 2377 1152 2461 scriptore
1175 2397 1335 2441 versuum:

500 2494 664 2553 Merentem
687 2497 832 2554 asotum
855 2495 953 2554 lilium
977 2495 1110 2553 extrudit
1132 2496 1226 2570 pater.

299 2624 411 2689 Graeci
442 2624 585 2690 vocabuli
608 2647 715 2708 usum,
746 2626 842 2690 etiam
865 2626 892 2690 si
920 2625 1064 2709 exempla
1093 2647 1158 2689 nou
1187 2626 1308 2706 essent,
1332 2645 1373 2687 ne
1400 2623 1436 2686 iu

299 2735 412 2799 Plauto
434 2736 561 2820 quidem
583 2737 734 2801 mirarer:
774 2733 880 2823 [atcpue
908 2737 987 2800 satis
1014 2739 1091 2800 rrota
1122 2739 1170 2800 est
1192 2741 1299 2799 stactus
1326 2732 1435 2798 fabula

300 2845 430 2910 Caecilii
470 2845 598 2934 Saarna
639 2847 739 2911 multo
778 2847 884 2911 minus
922 2848 956 2910 in
992 2846 1132 2930 Sulpicio
1165 2845 1352 2930 Apollinare
1394 2845 1435 2926 (si

299 2958 392 3022 ruodo
420 2957 459 3021 ad
486 2956 572 3022 hunc
600 2949 808 3042 probabiliter
835 2958 914 3022 haee
943 2960 1131 3042 argumenta
1165 2955 1288 3038 rettuli)
1316 2977 1353 3020 ea
1376 2977 1436 3018 vox

300 3068 468 3152 quiequam
510 3069 695 3132 offensionis
731 3067 845 3150 habet,
892 3090 985 3152 quam
1024 3068 1088 3131 iam
1126 3067 1288 3133 Ciceronis
1331 3067 1436 3130 aetate

300 3183 462 3264 tamquam
484 3179 518 3242 iu
543 3179 705 3242 civitatem
728 3201 795 3242 esse
818 3182 979 3262 receptam
1003 3181 1136 3242 constet.
1168 3178 1229 3254 Qui
1248 3197 1337 3256 pesse
1357 3184 1435 3240 enim

300 3303 399 3355 asotos
420 3313 460 3355 ex
475 3295 633 3370 Aristippi,
658 3295 781 3354 acerbos
798 3310 815 3352 e
830 3294 958 3353 Zenonis
971 3294 1075 3354 sedete
1097 3277 1183 3353 exire
1204 3289 1332 3370 scripsit
1354 3286 1436 3350 libro

300 3401 349 3466 lll
371 3400 410 3465 de
433 3401 562 3464 deorum
584 3402 699 3463 natura
721 3401 773 3483 31,
798 3400 852 3482 773
880 3399 958 3463 item
979 3399 1011 3462 ll
1034 3399 1072 3462 de
1095 3399 1211 3462 finibus
1235 3399 1264 3481 i,
1288 3397 1329 3460 22
1351 3419 1435 3477 repe-

300 3519 410 3576 riemus
438 3523 538 3576 asotos
562 3517 691 3590 primam
720 3518 762 3574 ito
790 3532 848 3574 aea
877 3516 1042 3588 retipiosos,
1073 3521 1105 3574 ut
1132 3515 1214 3574 edint
1242 3515 1279 3572 (te
1302 3514 1436 3590 patetta3

301 3622 480 3706 ibidemque
507 3621 603 3702 523:
626 3627 716 3684 tectim
739 3629 816 3685 enim
838 3625 913 3686 milri
929 3627 1046 3700 finperc
1068 3630 1175 3697 asotos,
1201 3631 1231 3683 ut
1253 3625 1361 3694 soletis,
1386 3624 1440 3697 qui

302 3741 332 3798 in
365 3753 497 3798 marisam
527 3742 648 3796 voment
674 3743 704 3794 et
733 3731 805 3818 [pai]
840 3737 878 3795 de
903 3739 1048 3796 conuiuiis
1074 3735 1260 3808 auferantur
1291 3735 1438 3810 crudique

297 3851 447 3925 postridie
467 3865 499 3907 se
520 3864 627 3907 rursus
649 3849 853 3922 inpurpiterm
876 3850 930 3922 qui
949 3849 1037 3906 solem
1060 3853 1093 3907 at
1115 3850 1202 3906 citent
1224 3863 1280 3906 aee
1302 3847 1437 3906 occiden-

302 3969 359 4020 tem
382 3975 520 4034 itmqacm
544 3959 674 4018 uiderint
694 3975 749 4018 aec
771 3961 930 4027 orientem
960 3960 1012 4034 qui
1037 3960 1220 4032 consumptis
1243 3957 1439 4032 patrimoniis

302 4077 420 4145 cpeont.
456 4087 541 4130 tremo
563 4076 696 4130 rtestrum
719 4071 803 4128 istius
815 4072 936 4143 perieris
951 4077 1051 4129 asotos
1065 4069 1195 4128 iucunde
1211 4073 1302 4143 putat
1323 4070 1438 4128 eicere:

303 4181 444 4254 mundos,
469 4183 630 4256 elepantis,
656 4182 774 4255 optimis
801 4181 895 4252 cocis,
928 4181 1110 4256 pistoribus,
1131 4182 1268 4254 piscat-u,
1295 4180 1436 4253 eucarpio,

305 4293 470 4366 veneticae,
494 4291 540 4352 liis
562 4293 696 4351 omnibus
717 4291 874 4365 exqrrisitis
896 4288 929 4350 et
951 4307 1031 4370 quae
1054 4288 1228 4369 sequuntur
1249 4285 1284 4347 in
1307 4282 1439 4349 Charini

305 4419 473 4484 personam
495 4397 694 4484 indolemque
718 4397 928 4482 congruentia
956 4399 991 4460 ut
1012 4395 1095 4480 qued
1117 4395 1263 4459 maxime.
1308 4394 1440 4458 Praeter
