<?xml version="1.0" encoding="UTF-8"?>
<!DOCTYPE html PUBLIC "-//W3C//DTD XHTML 1.0 Transitional//EN"
    "http://www.w3.org/TR/xhtml1/DTD/xhtml1-transitional.dtd">
<html xmlns="http://www.w3.org/1999/xhtml" xml:lang="en" lang="en">
 <head>
  <title>
</title>
<meta http-equiv="Content-Type" content="text/html;charset=utf-8" />
  <meta name='ocr-system' content='tesseract 3.04.00' />
  <meta name='ocr-capabilities' content='ocr_page ocr_carea ocr_par ocr_line ocrx_word'/>
</head>
<body>
  <div class='ocr_page' id='page_1' title='image "./fridericiritsch10wachgoog/fridericiritsch10wachgoog_0414.png"; bbox 0 0 3300 5102; ppageno 0'>
   <div class='ocr_carea' id='block_1_1' title="bbox 502 369 1389 440">
    <p class='ocr_par' dir='ltr' id='par_1_1' title="bbox 502 369 1389 440">
     <span class='ocr_line' id='line_1_1' title="bbox 502 369 1389 440; baseline -0.006 -2"><span class='ocrx_word' id='word_1_1' title='bbox 502 391 549 438; x_wconf 81' lang='lat' dir='ltr'><strong>aa</strong></span> <span class='ocrx_word' id='word_1_2' title='bbox 573 389 692 440; x_wconf 77' lang='lat' dir='ltr'><strong>Poma</strong></span> <span class='ocrx_word' id='word_1_3' title='bbox 716 377 860 436; x_wconf 70' lang='lat' dir='ltr'><strong>‘narra’</strong></span> <span class='ocrx_word' id='word_1_4' title='bbox 883 389 985 437; x_wconf 84' lang='lat' dir='ltr'><strong>vnars</strong></span> <span class='ocrx_word' id='word_1_5' title='bbox 1008 387 1139 435; x_wconf 79' lang='lat' dir='ltr'><strong>nonan.</strong></span> <span class='ocrx_word' id='word_1_6' title='bbox 1328 369 1389 434; x_wconf 88' lang='grc'><strong>383</strong></span> 
     </span>
    </p>
   </div>
   <div class='ocr_carea' id='block_1_2' title="bbox 139 539 1483 3960">
    <p class='ocr_par' dir='ltr' id='par_1_2' title="bbox 139 539 1483 3960">
     <span class='ocr_line' id='line_1_2' title="bbox 247 539 1390 630; baseline -0.006 -22"><span class='ocrx_word' id='word_1_7' title='bbox 247 547 348 610; x_wconf 86' lang='lat' dir='ltr'><strong>restat</strong></span> <span class='ocrx_word' id='word_1_8' title='bbox 369 545 451 629; x_wconf 90' lang='lat' dir='ltr'><strong>quod</strong></span> <span class='ocrx_word' id='word_1_9' title='bbox 474 567 531 630; x_wconf 89' lang='lat' dir='ltr'><strong>per</strong></span> <span class='ocrx_word' id='word_1_10' title='bbox 553 567 586 610; x_wconf 90' lang='lat' dir='ltr'><strong>se</strong></span> <span class='ocrx_word' id='word_1_11' title='bbox 609 548 678 609; x_wconf 90' lang='lat' dir='ltr'><strong>erat</strong></span> <span class='ocrx_word' id='word_1_12' title='bbox 700 543 982 628; x_wconf 88' lang='lat' dir='ltr'><strong>suspectissimum.</strong></span> <span class='ocrx_word' id='word_1_13' title='bbox 1028 543 1116 628; x_wconf 84' lang='lat' dir='ltr'><strong>Ergo</strong></span> <span class='ocrx_word' id='word_1_14' title='bbox 1138 543 1305 626; x_wconf 85' lang='lat' dir='ltr'><strong>postquam</strong></span> <span class='ocrx_word' id='word_1_15' title='bbox 1327 539 1390 602; x_wconf 85' lang='lat' dir='ltr'><strong>ista</strong></span> 
     </span>
     <span class='ocr_line' id='line_1_3' title="bbox 247 651 1389 740; baseline -0.004 -22"><span class='ocrx_word' id='word_1_16' title='bbox 247 655 475 740; x_wconf 81' lang='lat' dir='ltr'><strong>suppliciorum</strong></span> <span class='ocrx_word' id='word_1_17' title='bbox 508 659 600 740; x_wconf 87' lang='lat' dir='ltr'><strong>porta</strong></span> <span class='ocrx_word' id='word_1_18' title='bbox 633 654 824 739; x_wconf 86' lang='lat' dir='ltr'><strong>supplicium</strong></span> <span class='ocrx_word' id='word_1_19' title='bbox 845 655 916 739; x_wconf 88' lang='lat' dir='ltr'><strong>ipsa</strong></span> <span class='ocrx_word' id='word_1_20' title='bbox 938 653 1051 736; x_wconf 88' lang='lat' dir='ltr'><strong>subiit,</strong></span> <span class='ocrx_word' id='word_1_21' title='bbox 1084 652 1238 737; x_wconf 89' lang='lat' dir='ltr'><strong>numquid</strong></span> <span class='ocrx_word' id='word_1_22' title='bbox 1267 651 1389 715; x_wconf 88' lang='lat' dir='ltr'><strong>dubita-</strong></span> 
     </span>
     <span class='ocr_line' id='line_1_4' title="bbox 248 762 1389 847; baseline -0.004 -17"><span class='ocrx_word' id='word_1_23' title='bbox 248 767 352 830; x_wconf 88' lang='lat' dir='ltr'><strong>bimus</strong></span> <span class='ocrx_word' id='word_1_24' title='bbox 383 767 533 832; x_wconf 83' lang='lat' dir='ltr'><strong>funerare</strong></span> <span class='ocrx_word' id='word_1_25' title='bbox 556 767 653 831; x_wconf 85' lang='lat' dir='ltr'><strong>etiam</strong></span> <span class='ocrx_word' id='word_1_26' title='bbox 685 766 876 830; x_wconf 81' lang='lat' dir='ltr'><strong>funebrem?</strong></span> <span class='ocrx_word' id='word_1_27' title='bbox 919 765 964 829; x_wconf 86' lang='lat' dir='ltr'><strong>Et</strong></span> <span class='ocrx_word' id='word_1_28' title='bbox 990 787 1062 829; x_wconf 89' lang='lat' dir='ltr'><strong>ecce</strong></span> <span class='ocrx_word' id='word_1_29' title='bbox 1084 786 1210 829; x_wconf 87' lang='lat' dir='ltr'><strong>rursum</strong></span> <span class='ocrx_word' id='word_1_30' title='bbox 1232 762 1293 847; x_wconf 91' lang='lat' dir='ltr'><strong>ipsi</strong></span> <span class='ocrx_word' id='word_1_31' title='bbox 1315 762 1389 826; x_wconf 89' lang='lat' dir='ltr'><strong>libri</strong></span> 
     </span>
     <span class='ocr_line' id='line_1_5' title="bbox 248 861 1389 962; baseline -0.003 -23"><span class='ocrx_word' id='word_1_32' title='bbox 248 861 365 942; x_wconf 79' lang='lat' dir='ltr'><strong>adsimt</strong></span> <span class='ocrx_word' id='word_1_33' title='bbox 388 882 420 941; x_wconf 91' lang='lat' dir='ltr'><strong>et</strong></span> <span class='ocrx_word' id='word_1_34' title='bbox 441 878 582 962; x_wconf 82' lang='lat' dir='ltr'><strong>graviter</strong></span> <span class='ocrx_word' id='word_1_35' title='bbox 605 877 809 941; x_wconf 73' lang='lat' dir='ltr'><strong>auxiliantur.</strong></span> <span class='ocrx_word' id='word_1_36' title='bbox 855 876 938 940; x_wconf 90' lang='lat' dir='ltr'><strong>Nam</strong></span> <span class='ocrx_word' id='word_1_37' title='bbox 962 875 1015 940; x_wconf 91' lang='lat' dir='ltr'><strong>hic</strong></span> <span class='ocrx_word' id='word_1_38' title='bbox 1037 897 1160 960; x_wconf 86' lang='lat' dir='ltr'><strong>quoque</strong></span> <span class='ocrx_word' id='word_1_39' title='bbox 1183 881 1307 940; x_wconf 75' lang='lat' dir='ltr'><strong>Meliora</strong></span> <span class='ocrx_word' id='word_1_40' title='bbox 1330 873 1389 938; x_wconf 89' lang='lat' dir='ltr'><strong>soli</strong></span> 
     </span>
     <span class='ocr_line' id='line_1_6' title="bbox 247 985 1389 1072; baseline -0.003 -21"><span class='ocrx_word' id='word_1_41' title='bbox 247 986 380 1052; x_wconf 85' lang='lat' dir='ltr'><strong>debetur</strong></span> <span class='ocrx_word' id='word_1_42' title='bbox 403 987 578 1053; x_wconf 80' lang='lat' dir='ltr'><strong>Saracena:</strong></span> <span class='ocrx_word' id='word_1_43' title='bbox 601 989 637 1052; x_wconf 90' lang='lat' dir='ltr'><strong>in</strong></span> <span class='ocrx_word' id='word_1_44' title='bbox 659 987 797 1052; x_wconf 78' lang='lat' dir='ltr'><strong>editione</strong></span> <span class='ocrx_word' id='word_1_45' title='bbox 819 987 965 1072; x_wconf 85' lang='lat' dir='ltr'><strong>principe</strong></span> <span class='ocrx_word' id='word_1_46' title='bbox 988 989 1035 1050; x_wconf 88' lang='lat' dir='ltr'><strong>est</strong></span> <span class='ocrx_word' id='word_1_47' title='bbox 1058 994 1201 1067; x_wconf 75' lang='lat' dir='ltr'><strong>victuum,</strong></span> <span class='ocrx_word' id='word_1_48' title='bbox 1225 987 1259 1049; x_wconf 90' lang='lat' dir='ltr'><strong>in</strong></span> <span class='ocrx_word' id='word_1_49' title='bbox 1283 985 1389 1049; x_wconf 90' lang='lat' dir='ltr'><strong>codice</strong></span> 
     </span>
     <span class='ocr_line' id='line_1_7' title="bbox 239 1082 1390 1182; baseline -0.003 -21"><span class='ocrx_word' id='word_1_50' title='bbox 239 1082 383 1163; x_wconf 64' lang='lat' dir='ltr'><strong>&#39;Etrusco</strong></span> <span class='ocrx_word' id='word_1_51' title='bbox 416 1106 566 1182; x_wconf 74' lang='lat' dir='ltr'><strong>auctuum,</strong></span> <span class='ocrx_word' id='word_1_52' title='bbox 602 1099 684 1182; x_wconf 91' lang='lat' dir='ltr'><strong>quod</strong></span> <span class='ocrx_word' id='word_1_53' title='bbox 719 1097 752 1162; x_wconf 92' lang='lat' dir='ltr'><strong>in</strong></span> <span class='ocrx_word' id='word_1_54' title='bbox 781 1111 922 1180; x_wconf 78' lang='lat' dir='ltr'><strong>uycruam</strong></span> <span class='ocrx_word' id='word_1_55' title='bbox 946 1119 1131 1162; x_wconf 85' lang='lat' dir='ltr'><strong>conversum</strong></span> <span class='ocrx_word' id='word_1_56' title='bbox 1154 1096 1231 1162; x_wconf 85' lang='lat' dir='ltr'><strong>Pius</strong></span> <span class='ocrx_word' id='word_1_57' title='bbox 1263 1097 1390 1180; x_wconf 89' lang='lat' dir='ltr'><strong>quidem</strong></span> 
     </span>
     <span class='ocr_line' id='line_1_8' title="bbox 247 1206 1483 1293; baseline -0.005 -21"><span class='ocrx_word' id='word_1_58' title='bbox 247 1209 519 1293; x_wconf 73' lang='lat' dir='ltr'><strong>interpretabatur</strong></span> <span class='ocrx_word' id='word_1_59' title='bbox 551 1221 744 1292; x_wconf 76' lang='lat' dir='ltr'><strong>nocturnum,</strong></span> <span class='ocrx_word' id='word_1_60' title='bbox 783 1209 923 1292; x_wconf 84' lang='lat' dir='ltr'><strong>suscepit</strong></span> <span class='ocrx_word' id='word_1_61' title='bbox 954 1209 989 1273; x_wconf 91' lang='lat' dir='ltr'><strong>in</strong></span> <span class='ocrx_word' id='word_1_62' title='bbox 1023 1206 1209 1272; x_wconf 82' lang='lat' dir='ltr'><strong>Brixianam</strong></span> <span class='ocrx_word' id='word_1_63' title='bbox 1242 1207 1388 1290; x_wconf 83' lang='lat' dir='ltr'><strong>Pylades,</strong></span> <span class='ocrx_word' id='word_1_64' title='bbox 1409 1219 1436 1267; x_wconf 78' lang='lat' dir='ltr'><strong>rx</strong></span> <span class='ocrx_word' id='word_1_65' title='bbox 1473 1215 1483 1232; x_wconf 85' lang='lat'><strong>¹</strong></span> 
     </span>
     <span class='ocr_line' id='line_1_9' title="bbox 247 1317 1389 1406; baseline -0.003 -22"><span class='ocrx_word' id='word_1_66' title='bbox 247 1341 363 1384; x_wconf 83' lang='lat' dir='ltr'><strong>menum</strong></span> <span class='ocrx_word' id='word_1_67' title='bbox 378 1319 535 1406; x_wconf 87' lang='lat' dir='ltr'><strong>Longolio</strong></span> <span class='ocrx_word' id='word_1_68' title='bbox 556 1319 705 1404; x_wconf 87' lang='lat' dir='ltr'><strong>praebuit</strong></span> <span class='ocrx_word' id='word_1_69' title='bbox 721 1319 885 1384; x_wconf 81' lang='lat' dir='ltr'><strong>Romanus</strong></span> <span class='ocrx_word' id='word_1_70' title='bbox 908 1317 1016 1402; x_wconf 89' lang='lat' dir='ltr'><strong>codex,</strong></span> <span class='ocrx_word' id='word_1_71' title='bbox 1040 1317 1260 1382; x_wconf 66' lang='lat' dir='ltr'><strong>Palestinorum</strong></span> <span class='ocrx_word' id='word_1_72' title='bbox 1283 1322 1389 1382; x_wconf 86' lang='lat' dir='ltr'><strong>autern</strong></span> 
     </span>
     <span class='ocr_line' id='line_1_10' title="bbox 250 1428 1389 1515; baseline -0.002 -21"><span class='ocrx_word' id='word_1_73' title='bbox 250 1432 426 1496; x_wconf 87' lang='lat' dir='ltr'><strong>communis</strong></span> <span class='ocrx_word' id='word_1_74' title='bbox 458 1443 586 1496; x_wconf 78' lang='lat' dir='ltr'><strong>metuam</strong></span> <span class='ocrx_word' id='word_1_75' title='bbox 612 1431 851 1515; x_wconf 86' lang='lat' dir='ltr'><strong>scriptumest.</strong></span> <span class='ocrx_word' id='word_1_76' title='bbox 898 1428 940 1514; x_wconf 85' lang='lat' dir='ltr'><strong>[E</strong></span> <span class='ocrx_word' id='word_1_77' title='bbox 963 1429 1065 1494; x_wconf 91' lang='lat' dir='ltr'><strong>tribus</strong></span> <span class='ocrx_word' id='word_1_78' title='bbox 1088 1429 1389 1493; x_wconf 88' lang='lat' dir='ltr'><strong>Vindobonensibus</strong></span> 
     </span>
     <span class='ocr_line' id='line_1_11' title="bbox 249 1539 1388 1628; baseline -0.001 -23"><span class='ocrx_word' id='word_1_79' title='bbox 249 1542 375 1606; x_wconf 90' lang='lat' dir='ltr'><strong>enotavi</strong></span> <span class='ocrx_word' id='word_1_80' title='bbox 397 1556 536 1621; x_wconf 82' lang='lat' dir='ltr'><strong>metuam,</strong></span> <span class='ocrx_word' id='word_1_81' title='bbox 565 1549 691 1620; x_wconf 77' lang='lat' dir='ltr'><strong>nircum,</strong></span> <span class='ocrx_word' id='word_1_82' title='bbox 715 1539 879 1628; x_wconf 72' lang='lat' dir='ltr'><strong>arsetam]</strong></span> <span class='ocrx_word' id='word_1_83' title='bbox 924 1539 963 1604; x_wconf 91' lang='lat' dir='ltr'><strong>In</strong></span> <span class='ocrx_word' id='word_1_84' title='bbox 986 1540 1099 1625; x_wconf 89' lang='lat' dir='ltr'><strong>quibus</strong></span> <span class='ocrx_word' id='word_1_85' title='bbox 1133 1540 1277 1625; x_wconf 80' lang='lat' dir='ltr'><strong>vestigiis</strong></span> <span class='ocrx_word' id='word_1_86' title='bbox 1310 1542 1388 1604; x_wconf 85' lang='lat' dir='ltr'><strong>satis</strong></span> 
     </span>
     <span class='ocr_line' id='line_1_12' title="bbox 248 1651 1390 1737; baseline -0.001 -22"><span class='ocrx_word' id='word_1_87' title='bbox 248 1657 383 1737; x_wconf 87' lang='lat' dir='ltr'><strong>apparet</strong></span> <span class='ocrx_word' id='word_1_88' title='bbox 398 1654 588 1718; x_wconf 82' lang='lat' dir='ltr'><strong>adiectivum</strong></span> <span class='ocrx_word' id='word_1_89' title='bbox 610 1652 720 1736; x_wconf 88' lang='lat' dir='ltr'><strong>latere,</strong></span> <span class='ocrx_word' id='word_1_90' title='bbox 744 1651 828 1736; x_wconf 87' lang='lat' dir='ltr'><strong>quod</strong></span> <span class='ocrx_word' id='word_1_91' title='bbox 850 1673 915 1714; x_wconf 90' lang='lat' dir='ltr'><strong>non</strong></span> <span class='ocrx_word' id='word_1_92' title='bbox 939 1655 987 1716; x_wconf 91' lang='lat' dir='ltr'><strong>est</strong></span> <span class='ocrx_word' id='word_1_93' title='bbox 1010 1674 1065 1716; x_wconf 89' lang='lat' dir='ltr'><strong>cur</strong></span> <span class='ocrx_word' id='word_1_94' title='bbox 1080 1651 1119 1716; x_wconf 88' lang='lat' dir='ltr'><strong>ad</strong></span> <span class='ocrx_word' id='word_1_95' title='bbox 1136 1654 1262 1736; x_wconf 89' lang='lat' dir='ltr'><strong>portam</strong></span> <span class='ocrx_word' id='word_1_96' title='bbox 1284 1652 1390 1736; x_wconf 86' lang='lat' dir='ltr'><strong>potius</strong></span> 
     </span>
     <span class='ocr_line' id='line_1_13' title="bbox 248 1760 1389 1847; baseline 0 -21"><span class='ocrx_word' id='word_1_97' title='bbox 248 1785 342 1847; x_wconf 89' lang='lat' dir='ltr'><strong>quam</strong></span> <span class='ocrx_word' id='word_1_98' title='bbox 376 1764 415 1828; x_wconf 85' lang='lat' dir='ltr'><strong>ad</strong></span> <span class='ocrx_word' id='word_1_99' title='bbox 439 1763 648 1829; x_wconf 77' lang='lat' dir='ltr'><strong>Cleostratam</strong></span> <span class='ocrx_word' id='word_1_100' title='bbox 680 1785 810 1826; x_wconf 88' lang='lat' dir='ltr'><strong>uxorem</strong></span> <span class='ocrx_word' id='word_1_101' title='bbox 843 1765 989 1846; x_wconf 87' lang='lat' dir='ltr'><strong>spectare</strong></span> <span class='ocrx_word' id='word_1_102' title='bbox 1011 1763 1211 1826; x_wconf 86' lang='lat' dir='ltr'><strong>arbitremur.</strong></span> <span class='ocrx_word' id='word_1_103' title='bbox 1255 1760 1324 1825; x_wconf 91' lang='lat' dir='ltr'><strong>Nec</strong></span> <span class='ocrx_word' id='word_1_104' title='bbox 1344 1763 1389 1826; x_wconf 88' lang='lat' dir='ltr'><strong>vi-</strong></span> 
     </span>
     <span class='ocr_line' id='line_1_14' title="bbox 248 1873 1389 1959; baseline -0.001 -22"><span class='ocrx_word' id='word_1_105' title='bbox 248 1874 356 1957; x_wconf 90' lang='lat' dir='ltr'><strong>detur,</strong></span> <span class='ocrx_word' id='word_1_106' title='bbox 390 1874 466 1959; x_wconf 91' lang='lat' dir='ltr'><strong>quid</strong></span> <span class='ocrx_word' id='word_1_107' title='bbox 498 1877 593 1959; x_wconf 89' lang='lat' dir='ltr'><strong>poeta</strong></span> <span class='ocrx_word' id='word_1_108' title='bbox 625 1873 803 1957; x_wconf 83' lang='lat' dir='ltr'><strong>scripserit,</strong></span> <span class='ocrx_word' id='word_1_109' title='bbox 838 1873 935 1957; x_wconf 78' lang='lat' dir='ltr'><strong>longe</strong></span> <span class='ocrx_word' id='word_1_110' title='bbox 967 1874 1149 1958; x_wconf 87' lang='lat' dir='ltr'><strong>petendum.</strong></span> <span class='ocrx_word' id='word_1_111' title='bbox 1200 1873 1284 1938; x_wconf 88' lang='lat' dir='ltr'><strong>Nam</strong></span> <span class='ocrx_word' id='word_1_112' title='bbox 1319 1895 1389 1938; x_wconf 88' lang='lat' dir='ltr'><strong>cnm</strong></span> 
     </span>
     <span class='ocr_line' id='line_1_15' title="bbox 248 1983 1389 2070; baseline 0.002 -24"><span class='ocrx_word' id='word_1_113' title='bbox 248 1984 397 2069; x_wconf 79' lang='lat' dir='ltr'><strong>frequens</strong></span> <span class='ocrx_word' id='word_1_114' title='bbox 420 1984 536 2050; x_wconf 89' lang='lat' dir='ltr'><strong>Plauto</strong></span> <span class='ocrx_word' id='word_1_115' title='bbox 563 1985 640 2048; x_wconf 92' lang='lat' dir='ltr'><strong>illud</strong></span> <span class='ocrx_word' id='word_1_116' title='bbox 668 2005 770 2070; x_wconf 83' lang='lat' dir='ltr'><strong>genus</strong></span> <span class='ocrx_word' id='word_1_117' title='bbox 797 1985 839 2048; x_wconf 89' lang='lat' dir='ltr'><strong>sit</strong></span> <span class='ocrx_word' id='word_1_118' title='bbox 866 1985 917 2068; x_wconf 84' lang='lat' dir='ltr'><strong>ut,</strong></span> <span class='ocrx_word' id='word_1_119' title='bbox 941 1985 1025 2069; x_wconf 90' lang='lat' dir='ltr'><strong>quod</strong></span> <span class='ocrx_word' id='word_1_120' title='bbox 1046 1983 1171 2049; x_wconf 91' lang='lat' dir='ltr'><strong>iocandi</strong></span> <span class='ocrx_word' id='word_1_121' title='bbox 1194 2006 1305 2048; x_wconf 79' lang='lat' dir='ltr'><strong>caussa</strong></span> <span class='ocrx_word' id='word_1_122' title='bbox 1327 1985 1389 2067; x_wconf 90' lang='lat' dir='ltr'><strong>pri·</strong></span> 
     </span>
     <span class='ocr_line' id='line_1_16' title="bbox 248 2094 1388 2181; baseline 0.001 -23"><span class='ocrx_word' id='word_1_123' title='bbox 248 2117 334 2158; x_wconf 88' lang='lat' dir='ltr'><strong>mum</strong></span> <span class='ocrx_word' id='word_1_124' title='bbox 363 2095 511 2181; x_wconf 84' lang='lat' dir='ltr'><strong>ambigue</strong></span> <span class='ocrx_word' id='word_1_125' title='bbox 544 2119 681 2180; x_wconf 89' lang='lat' dir='ltr'><strong>persona</strong></span> <span class='ocrx_word' id='word_1_126' title='bbox 704 2116 845 2180; x_wconf 88' lang='lat' dir='ltr'><strong>quaeque</strong></span> <span class='ocrx_word' id='word_1_127' title='bbox 868 2094 1006 2180; x_wconf 85' lang='lat' dir='ltr'><strong>dixerat,</strong></span> <span class='ocrx_word' id='word_1_128' title='bbox 1036 2095 1179 2160; x_wconf 87' lang='lat' dir='ltr'><strong>subiecta</strong></span> <span class='ocrx_word' id='word_1_129' title='bbox 1200 2096 1388 2180; x_wconf 89' lang='lat' dir='ltr'><strong>interpreta-</strong></span> 
     </span>
     <span class='ocr_line' id='line_1_17' title="bbox 250 2193 1388 2291; baseline 0.002 -23"><span class='ocrx_word' id='word_1_130' title='bbox 250 2206 337 2269; x_wconf 91' lang='lat' dir='ltr'><strong>tione</strong></span> <span class='ocrx_word' id='word_1_131' title='bbox 359 2228 433 2270; x_wconf 87' lang='lat' dir='ltr'><strong>mox</strong></span> <span class='ocrx_word' id='word_1_132' title='bbox 459 2193 545 2291; x_wconf 84' lang='lat' dir='ltr'><strong>ipsa,</strong></span> <span class='ocrx_word' id='word_1_133' title='bbox 569 2229 665 2291; x_wconf 90' lang='lat' dir='ltr'><strong>quam</strong></span> <span class='ocrx_word' id='word_1_134' title='bbox 687 2207 721 2270; x_wconf 91' lang='lat' dir='ltr'><strong>in</strong></span> <span class='ocrx_word' id='word_1_135' title='bbox 744 2209 868 2290; x_wconf 86' lang='lat' dir='ltr'><strong>partem</strong></span> <span class='ocrx_word' id='word_1_136' title='bbox 890 2206 994 2271; x_wconf 87' lang='lat' dir='ltr'><strong>valere</strong></span> <span class='ocrx_word' id='word_1_137' title='bbox 1017 2207 1103 2290; x_wconf 84' lang='lat' dir='ltr'><strong>velit,</strong></span> <span class='ocrx_word' id='word_1_138' title='bbox 1128 2207 1282 2270; x_wconf 88' lang='lat' dir='ltr'><strong>declaret:</strong></span> <span class='ocrx_word' id='word_1_139' title='bbox 1315 2229 1388 2290; x_wconf 86' lang='lat' dir='ltr'><strong>quo-</strong></span> 
     </span>
     <span class='ocr_line' id='line_1_18' title="bbox 248 2315 1391 2404; baseline 0.003 -26"><span class='ocrx_word' id='word_1_140' title='bbox 248 2315 337 2380; x_wconf 89' lang='lat' dir='ltr'><strong>niam</strong></span> <span class='ocrx_word' id='word_1_141' title='bbox 359 2317 393 2380; x_wconf 88' lang='lat' dir='ltr'><strong>in</strong></span> <span class='ocrx_word' id='word_1_142' title='bbox 417 2317 568 2402; x_wconf 86' lang='lat' dir='ltr'><strong>ambigua</strong></span> <span class='ocrx_word' id='word_1_143' title='bbox 590 2317 823 2404; x_wconf 79' lang='lat' dir='ltr'><strong>aliquantulum</strong></span> <span class='ocrx_word' id='word_1_144' title='bbox 843 2317 974 2382; x_wconf 88' lang='lat' dir='ltr'><strong>notione</strong></span> <span class='ocrx_word' id='word_1_145' title='bbox 996 2324 1152 2382; x_wconf 83' lang='lat' dir='ltr'><strong>ardentem</strong></span> <span class='ocrx_word' id='word_1_146' title='bbox 1174 2320 1250 2382; x_wconf 88' lang='lat' dir='ltr'><strong>ante</strong></span> <span class='ocrx_word' id='word_1_147' title='bbox 1272 2317 1391 2382; x_wconf 88' lang='lat' dir='ltr'><strong>luserat</strong></span> 
     </span>
     <span class='ocr_line' id='line_1_19' title="bbox 249 2425 1389 2520; baseline 0 -29"><span class='ocrx_word' id='word_1_148' title='bbox 249 2425 418 2510; x_wconf 78' lang='lat' dir='ltr'><strong>ChalinuS,</strong></span> <span class='ocrx_word' id='word_1_149' title='bbox 442 2429 475 2492; x_wconf 90' lang='lat' dir='ltr'><strong>in</strong></span> <span class='ocrx_word' id='word_1_150' title='bbox 492 2428 555 2492; x_wconf 83' lang='lat' dir='ltr'><strong>fine</strong></span> <span class='ocrx_word' id='word_1_151' title='bbox 569 2449 689 2512; x_wconf 84' lang='lat' dir='ltr'><strong>versus,</strong></span> <span class='ocrx_word' id='word_1_152' title='bbox 713 2450 754 2492; x_wconf 89' lang='lat' dir='ltr'><strong>ne</strong></span> <span class='ocrx_word' id='word_1_153' title='bbox 777 2427 851 2512; x_wconf 85' lang='lat' dir='ltr'><strong>quid</strong></span> <span class='ocrx_word' id='word_1_154' title='bbox 873 2428 921 2492; x_wconf 89' lang='lat' dir='ltr'><strong>vel</strong></span> <span class='ocrx_word' id='word_1_155' title='bbox 938 2428 1116 2494; x_wconf 75' lang='lat' dir='ltr'><strong>Cleostrata</strong></span> <span class='ocrx_word' id='word_1_156' title='bbox 1130 2429 1180 2493; x_wconf 86' lang='lat' dir='ltr'><strong>vel</strong></span> <span class='ocrx_word' id='word_1_157' title='bbox 1196 2431 1389 2520; x_wconf 79' lang='lat' dir='ltr'><strong>spectatores</strong></span> 
     </span>
     <span class='ocr_line' id='line_1_20' title="bbox 248 2536 1391 2624; baseline 0.002 -24"><span class='ocrx_word' id='word_1_158' title='bbox 248 2536 461 2620; x_wconf 88' lang='lat' dir='ltr'><strong>haesitarent,</strong></span> <span class='ocrx_word' id='word_1_159' title='bbox 496 2538 658 2603; x_wconf 89' lang='lat' dir='ltr'><strong>commode</strong></span> <span class='ocrx_word' id='word_1_160' title='bbox 687 2537 802 2602; x_wconf 90' lang='lat' dir='ltr'><strong>addere</strong></span> <span class='ocrx_word' id='word_1_161' title='bbox 830 2551 1011 2604; x_wconf 81' lang='lat' dir='ltr'><strong>mortuum</strong></span> <span class='ocrx_word' id='word_1_162' title='bbox 1033 2540 1147 2624; x_wconf 89' lang='lat' dir='ltr'><strong>potuit.</strong></span> <span class='ocrx_word' id='word_1_163' title='bbox 1193 2539 1282 2614; x_wconf 77' lang='lat' dir='ltr'><strong>duod</strong></span> <span class='ocrx_word' id='word_1_164' title='bbox 1304 2539 1391 2604; x_wconf 89' lang='lat' dir='ltr'><strong>velut</strong></span> 
     </span>
     <span class='ocr_line' id='line_1_21' title="bbox 247 2633 1389 2733; baseline 0.002 -21"><span class='ocrx_word' id='word_1_165' title='bbox 247 2649 293 2712; x_wconf 90' lang='lat' dir='ltr'><strong>sic</strong></span> <span class='ocrx_word' id='word_1_166' title='bbox 315 2649 470 2733; x_wconf 91' lang='lat' dir='ltr'><strong>scriptum</strong></span> <span class='ocrx_word' id='word_1_167' title='bbox 491 2633 620 2714; x_wconf 65' lang='lat' dir='ltr'><strong>moinum</strong></span> <span class='ocrx_word' id='word_1_168' title='bbox 648 2649 801 2714; x_wconf 89' lang='lat' dir='ltr'><strong>facillime</strong></span> <span class='ocrx_word' id='word_1_169' title='bbox 834 2650 868 2714; x_wconf 91' lang='lat' dir='ltr'><strong>in</strong></span> <span class='ocrx_word' id='word_1_170' title='bbox 894 2663 1021 2716; x_wconf 80' lang='lat' dir='ltr'><strong>metuam</strong></span> <span class='ocrx_word' id='word_1_171' title='bbox 1050 2650 1225 2715; x_wconf 87' lang='lat' dir='ltr'><strong>transibat:</strong></span> <span class='ocrx_word' id='word_1_172' title='bbox 1260 2651 1301 2715; x_wconf 91' lang='lat' dir='ltr'><strong>ab</strong></span> <span class='ocrx_word' id='word_1_173' title='bbox 1328 2651 1389 2714; x_wconf 90' lang='lat' dir='ltr'><strong>hac</strong></span> 
     </span>
     <span class='ocr_line' id='line_1_22' title="bbox 139 2758 1389 2845; baseline 0.002 -23"><span class='ocrx_word' id='word_1_174' title='bbox 139 2767 148 2790; x_wconf 82' lang='lat'>⁸</span> <span class='ocrx_word' id='word_1_175' title='bbox 249 2759 334 2822; x_wconf 90' lang='lat' dir='ltr'><strong>enim</strong></span> <span class='ocrx_word' id='word_1_176' title='bbox 363 2758 490 2824; x_wconf 90' lang='lat' dir='ltr'><strong>Veteris</strong></span> <span class='ocrx_word' id='word_1_177' title='bbox 525 2761 640 2826; x_wconf 89' lang='lat' dir='ltr'><strong>codicis</strong></span> <span class='ocrx_word' id='word_1_178' title='bbox 673 2762 826 2824; x_wconf 88' lang='lat' dir='ltr'><strong>memoria</strong></span> <span class='ocrx_word' id='word_1_179' title='bbox 857 2761 1120 2845; x_wconf 84' lang='lat' dir='ltr'><strong>proficiscendum</strong></span> <span class='ocrx_word' id='word_1_180' title='bbox 1154 2765 1212 2826; x_wconf 88' lang='lat' dir='ltr'><strong>est.</strong></span> <span class='ocrx_word' id='word_1_181' title='bbox 1257 2761 1389 2825; x_wconf 88' lang='lat' dir='ltr'><strong>Plautus</strong></span> 
     </span>
     <span class='ocr_line' id='line_1_23' title="bbox 248 2870 1389 2956; baseline 0.001 -22"><span class='ocrx_word' id='word_1_182' title='bbox 248 2871 354 2934; x_wconf 86' lang='lat' dir='ltr'><strong>autem</strong></span> <span class='ocrx_word' id='word_1_183' title='bbox 383 2875 537 2955; x_wconf 85' lang='lat' dir='ltr'><strong>quantum</strong></span> <span class='ocrx_word' id='word_1_184' title='bbox 559 2871 607 2935; x_wconf 91' lang='lat' dir='ltr'><strong>illi</strong></span> <span class='ocrx_word' id='word_1_185' title='bbox 629 2871 725 2956; x_wconf 87' lang='lat' dir='ltr'><strong>mori,</strong></span> <span class='ocrx_word' id='word_1_186' title='bbox 758 2894 820 2956; x_wconf 91' lang='lat' dir='ltr'><strong>quo</strong></span> <span class='ocrx_word' id='word_1_187' title='bbox 842 2875 1056 2956; x_wconf 87' lang='lat' dir='ltr'><strong>spectatorum</strong></span> <span class='ocrx_word' id='word_1_188' title='bbox 1077 2870 1255 2936; x_wconf 90' lang='lat' dir='ltr'><strong>intellectui</strong></span> <span class='ocrx_word' id='word_1_189' title='bbox 1278 2894 1389 2936; x_wconf 89' lang='lat' dir='ltr'><strong>consu-</strong></span> 
     </span>
     <span class='ocr_line' id='line_1_24' title="bbox 248 2978 1388 3066; baseline 0.001 -23"><span class='ocrx_word' id='word_1_190' title='bbox 248 2978 344 3062; x_wconf 87' lang='lat' dir='ltr'><strong>leret,</strong></span> <span class='ocrx_word' id='word_1_191' title='bbox 376 2980 545 3046; x_wconf 89' lang='lat' dir='ltr'><strong>indulscrit</strong></span> <span class='ocrx_word' id='word_1_192' title='bbox 578 2985 650 3065; x_wconf 83' lang='lat' dir='ltr'><strong>(nec</strong></span> <span class='ocrx_word' id='word_1_193' title='bbox 673 2982 759 3046; x_wconf 90' lang='lat' dir='ltr'><strong>enim</strong></span> <span class='ocrx_word' id='word_1_194' title='bbox 782 2983 809 3046; x_wconf 91' lang='lat' dir='ltr'><strong>ei</strong></span> <span class='ocrx_word' id='word_1_195' title='bbox 843 2983 1038 3061; x_wconf 80' lang='lat' dir='ltr'><strong>auscultasse</strong></span> <span class='ocrx_word' id='word_1_196' title='bbox 1060 2981 1276 3048; x_wconf 85' lang='lat' dir='ltr'><strong>Athenienses</strong></span> <span class='ocrx_word' id='word_1_197' title='bbox 1298 3005 1388 3066; x_wconf 87' lang='lat' dir='ltr'><strong>repu-</strong></span> 
     </span>
     <span class='ocr_line' id='line_1_25' title="bbox 248 3091 1390 3178; baseline 0.002 -24"><span class='ocrx_word' id='word_1_198' title='bbox 248 3091 384 3155; x_wconf 89' lang='lat' dir='ltr'><strong>tandum</strong></span> <span class='ocrx_word' id='word_1_199' title='bbox 405 3096 482 3176; x_wconf 89' lang='lat' dir='ltr'><strong>est),</strong></span> <span class='ocrx_word' id='word_1_200' title='bbox 516 3093 663 3178; x_wconf 77' lang='lat' dir='ltr'><strong>singulae</strong></span> <span class='ocrx_word' id='word_1_201' title='bbox 695 3093 823 3158; x_wconf 87' lang='lat' dir='ltr'><strong>fabulae</strong></span> <span class='ocrx_word' id='word_1_202' title='bbox 845 3097 1018 3178; x_wconf 86' lang='lat' dir='ltr'><strong>testantur,</strong></span> <span class='ocrx_word' id='word_1_203' title='bbox 1044 3093 1122 3158; x_wconf 88' lang='lat' dir='ltr'><strong>adeo</strong></span> <span class='ocrx_word' id='word_1_204' title='bbox 1144 3097 1180 3156; x_wconf 91' lang='lat' dir='ltr'><strong>ut</strong></span> <span class='ocrx_word' id='word_1_205' title='bbox 1202 3115 1262 3158; x_wconf 90' lang='lat' dir='ltr'><strong>nec</strong></span> <span class='ocrx_word' id='word_1_206' title='bbox 1284 3093 1390 3158; x_wconf 90' lang='lat' dir='ltr'><strong>desint</strong></span> 
     </span>
     <span class='ocr_line' id='line_1_26' title="bbox 248 3203 1388 3290; baseline 0 -24"><span class='ocrx_word' id='word_1_207' title='bbox 248 3224 342 3287; x_wconf 86' lang='lat' dir='ltr'><strong>sane,</strong></span> <span class='ocrx_word' id='word_1_208' title='bbox 377 3224 458 3288; x_wconf 86' lang='lat' dir='ltr'><strong>quae</strong></span> <span class='ocrx_word' id='word_1_209' title='bbox 490 3204 631 3288; x_wconf 90' lang='lat' dir='ltr'><strong>paullum</strong></span> <span class='ocrx_word' id='word_1_210' title='bbox 658 3205 842 3290; x_wconf 84' lang='lat' dir='ltr'><strong>langueant.</strong></span> <span class='ocrx_word' id='word_1_211' title='bbox 887 3205 1069 3290; x_wconf 81' lang='lat' dir='ltr'><strong>Eodemque</strong></span> <span class='ocrx_word' id='word_1_212' title='bbox 1091 3205 1255 3289; x_wconf 87' lang='lat' dir='ltr'><strong>pertinent</strong></span> <span class='ocrx_word' id='word_1_213' title='bbox 1276 3203 1388 3267; x_wconf 87' lang='lat' dir='ltr'><strong>Militis</strong></span> 
     </span>
     <span class='ocr_line' id='line_1_27' title="bbox 249 3313 1387 3400; baseline 0.002 -24"><span class='ocrx_word' id='word_1_214' title='bbox 249 3313 345 3376; x_wconf 89' lang='lat' dir='ltr'><strong>verba</strong></span> <span class='ocrx_word' id='word_1_215' title='bbox 367 3313 408 3377; x_wconf 90' lang='lat' dir='ltr'><strong>ab</strong></span> <span class='ocrx_word' id='word_1_216' title='bbox 429 3313 521 3378; x_wconf 91' lang='lat' dir='ltr'><strong>initio</strong></span> <span class='ocrx_word' id='word_1_217' title='bbox 550 3315 656 3380; x_wconf 87' lang='lat' dir='ltr'><strong>allata.</strong></span> <span class='ocrx_word' id='word_1_218' title='bbox 691 3315 777 3390; x_wconf 79' lang='lat' dir='ltr'><strong>Quae</strong></span> <span class='ocrx_word' id='word_1_219' title='bbox 801 3338 871 3378; x_wconf 87' lang='lat' dir='ltr'><strong>curn</strong></span> <span class='ocrx_word' id='word_1_220' title='bbox 893 3338 959 3380; x_wconf 93' lang='lat' dir='ltr'><strong>non</strong></span> <span class='ocrx_word' id='word_1_221' title='bbox 982 3317 1021 3380; x_wconf 89' lang='lat' dir='ltr'><strong>ad</strong></span> <span class='ocrx_word' id='word_1_222' title='bbox 1048 3337 1195 3400; x_wconf 87' lang='lat' dir='ltr'><strong>poenam,</strong></span> <span class='ocrx_word' id='word_1_223' title='bbox 1219 3338 1282 3400; x_wconf 88' lang='lat' dir='ltr'><strong>qua</strong></span> <span class='ocrx_word' id='word_1_224' title='bbox 1306 3316 1387 3380; x_wconf 87' lang='lat' dir='ltr'><strong>vitae</strong></span> 
     </span>
     <span class='ocr_line' id='line_1_28' title="bbox 247 3425 1386 3512; baseline 0.003 -24"><span class='ocrx_word' id='word_1_225' title='bbox 247 3427 441 3508; x_wconf 88' lang='lat' dir='ltr'><strong>parceretur,</strong></span> <span class='ocrx_word' id='word_1_226' title='bbox 465 3425 668 3510; x_wconf 89' lang='lat' dir='ltr'><strong>rettulerunt,</strong></span> <span class='ocrx_word' id='word_1_227' title='bbox 691 3427 745 3490; x_wconf 89' lang='lat' dir='ltr'><strong>sed</strong></span> <span class='ocrx_word' id='word_1_228' title='bbox 769 3427 807 3490; x_wconf 92' lang='lat' dir='ltr'><strong>ad</strong></span> <span class='ocrx_word' id='word_1_229' title='bbox 826 3427 1017 3512; x_wconf 86' lang='lat' dir='ltr'><strong>supplicium</strong></span> <span class='ocrx_word' id='word_1_230' title='bbox 1039 3427 1077 3491; x_wconf 89' lang='lat' dir='ltr'><strong>de</strong></span> <span class='ocrx_word' id='word_1_231' title='bbox 1099 3427 1386 3512; x_wconf 86' lang='lat' dir='ltr'><strong>capitesunrptum,</strong></span> 
     </span>
     <span class='ocr_line' id='line_1_29' title="bbox 247 3535 1387 3624; baseline 0.004 -27"><span class='ocrx_word' id='word_1_232' title='bbox 247 3535 281 3598; x_wconf 87' lang='lat' dir='ltr'><strong>in</strong></span> <span class='ocrx_word' id='word_1_233' title='bbox 304 3558 413 3601; x_wconf 85' lang='lat' dir='ltr'><strong>verum</strong></span> <span class='ocrx_word' id='word_1_234' title='bbox 434 3539 562 3620; x_wconf 89' lang='lat' dir='ltr'><strong>praeter</strong></span> <span class='ocrx_word' id='word_1_235' title='bbox 583 3536 741 3602; x_wconf 90' lang='lat' dir='ltr'><strong>rationem</strong></span> <span class='ocrx_word' id='word_1_236' title='bbox 764 3537 954 3604; x_wconf 87' lang='lat' dir='ltr'><strong>inciderunt.</strong></span> <span class='ocrx_word' id='word_1_237' title='bbox 999 3537 1066 3602; x_wconf 88' lang='lat' dir='ltr'><strong>Nos</strong></span> <span class='ocrx_word' id='word_1_238' title='bbox 1089 3538 1191 3624; x_wconf 90' lang='lat' dir='ltr'><strong>enim,</strong></span> <span class='ocrx_word' id='word_1_239' title='bbox 1215 3541 1252 3602; x_wconf 88' lang='lat' dir='ltr'><strong>ut</strong></span> <span class='ocrx_word' id='word_1_240' title='bbox 1273 3540 1319 3602; x_wconf 88' lang='lat' dir='ltr'><strong>ita</strong></span> <span class='ocrx_word' id='word_1_241' title='bbox 1340 3539 1387 3602; x_wconf 90' lang='lat' dir='ltr'><strong>in·</strong></span> 
     </span>
     <span class='ocr_line' id='line_1_30' title="bbox 246 3647 1387 3734; baseline 0.001 -25"><span class='ocrx_word' id='word_1_242' title='bbox 246 3649 472 3732; x_wconf 89' lang='lat' dir='ltr'><strong>terpretemur,</strong></span> <span class='ocrx_word' id='word_1_243' title='bbox 508 3648 604 3712; x_wconf 83' lang='lat' dir='ltr'><strong>codex</strong></span> <span class='ocrx_word' id='word_1_244' title='bbox 636 3649 763 3714; x_wconf 89' lang='lat' dir='ltr'><strong>demum</strong></span> <span class='ocrx_word' id='word_1_245' title='bbox 786 3649 1016 3714; x_wconf 85' lang='lat' dir='ltr'><strong>Ambrosianus</strong></span> <span class='ocrx_word' id='word_1_246' title='bbox 1050 3652 1176 3734; x_wconf 85' lang='lat' dir='ltr'><strong>movet,</strong></span> <span class='ocrx_word' id='word_1_247' title='bbox 1216 3649 1303 3713; x_wconf 87' lang='lat' dir='ltr'><strong>cuius</strong></span> <span class='ocrx_word' id='word_1_248' title='bbox 1326 3647 1387 3711; x_wconf 87' lang='lat' dir='ltr'><strong>fide</strong></span> 
     </span>
     <span class='ocr_line' id='line_1_31' title="bbox 247 3758 1386 3845; baseline 0.004 -27"><span class='ocrx_word' id='word_1_249' title='bbox 247 3758 416 3839; x_wconf 87' lang='lat' dir='ltr'><strong>pristinam</strong></span> <span class='ocrx_word' id='word_1_250' title='bbox 438 3760 629 3842; x_wconf 87' lang='lat' dir='ltr'><strong>scripturam</strong></span> <span class='ocrx_word' id='word_1_251' title='bbox 651 3759 735 3824; x_wconf 89' lang='lat' dir='ltr'><strong>banc</strong></span> <span class='ocrx_word' id='word_1_252' title='bbox 757 3761 880 3844; x_wconf 89' lang='lat' dir='ltr'><strong>pridem</strong></span> <span class='ocrx_word' id='word_1_253' title='bbox 904 3762 951 3844; x_wconf 86' lang='lat' dir='ltr'><strong>[in</strong></span> <span class='ocrx_word' id='word_1_254' title='bbox 972 3760 1132 3845; x_wconf 89' lang='lat' dir='ltr'><strong>prooemio</strong></span> <span class='ocrx_word' id='word_1_255' title='bbox 1146 3759 1265 3824; x_wconf 88' lang='lat' dir='ltr'><strong>Indicis</strong></span> <span class='ocrx_word' id='word_1_256' title='bbox 1288 3758 1386 3822; x_wconf 89' lang='lat' dir='ltr'><strong>schol.</strong></span> 
     </span>
     <span class='ocr_line' id='line_1_32' title="bbox 182 3868 984 3960; baseline 0.007 -30"><span class='ocrx_word' id='word_1_257' title='bbox 182 3875 185 3882; x_wconf 88' lang='lat'>&#39;</span> <span class='ocrx_word' id='word_1_258' title='bbox 248 3871 325 3932; x_wconf 88' lang='lat' dir='ltr'><strong>aest.</strong></span> <span class='ocrx_word' id='word_1_259' title='bbox 349 3868 481 3934; x_wconf 87' lang='lat' dir='ltr'><strong>Vratisl.</strong></span> <span class='ocrx_word' id='word_1_260' title='bbox 505 3891 534 3936; x_wconf 89' lang='lat' dir='ltr'><strong>a.</strong></span> <span class='ocrx_word' id='word_1_261' title='bbox 561 3870 652 3960; x_wconf 80' lang='lat'>1839]</span> <span class='ocrx_word' id='word_1_262' title='bbox 678 3872 984 3938; x_wconf 86' lang='lat' dir='ltr'><strong>commendavimus:</strong></span> 
     </span>
    </p>
   </div>
   <div class='ocr_carea' id='block_1_3' title="bbox 291 4045 1384 4210">
    <p class='ocr_par' dir='ltr' id='par_1_3' title="bbox 291 4045 1384 4210">
     <span class='ocr_line' id='line_1_33' title="bbox 291 4045 1384 4126; baseline 0.005 -23"><span class='ocrx_word' id='word_1_263' title='bbox 291 4045 386 4106; x_wconf 79' lang='lat' dir='ltr'><strong>Credo</strong></span> <span class='ocrx_word' id='word_1_264' title='bbox 403 4051 458 4125; x_wconf 78' lang='lat' dir='ltr'><strong>ego</strong></span> <span class='ocrx_word' id='word_1_265' title='bbox 473 4047 550 4108; x_wconf 82' lang='lat' dir='ltr'><strong>istoc</strong></span> <span class='ocrx_word' id='word_1_266' title='bbox 566 4051 700 4125; x_wconf 86' lang='lat' dir='ltr'><strong>exemplo</strong></span> <span class='ocrx_word' id='word_1_267' title='bbox 724 4049 780 4109; x_wconf 91' lang='lat' dir='ltr'><strong>tibi</strong></span> <span class='ocrx_word' id='word_1_268' title='bbox 803 4071 881 4111; x_wconf 85' lang='lat' dir='ltr'><strong>csse</strong></span> <span class='ocrx_word' id='word_1_269' title='bbox 903 4049 1133 4126; x_wconf 87' lang='lat' dir='ltr'><strong>pereundum</strong></span> <span class='ocrx_word' id='word_1_270' title='bbox 1158 4051 1242 4108; x_wconf 83' lang='lat' dir='ltr'><strong>extra</strong></span> <span class='ocrx_word' id='word_1_271' title='bbox 1257 4053 1384 4125; x_wconf 85' lang='lat' dir='ltr'><strong>portam,</strong></span> 
     </span>
     <span class='ocr_line' id='line_1_34' title="bbox 293 4131 1031 4210; baseline 0.008 -22"><span class='ocrx_word' id='word_1_272' title='bbox 293 4131 441 4208; x_wconf 85' lang='lat' dir='ltr'><strong>Dispessis</strong></span> <span class='ocrx_word' id='word_1_273' title='bbox 464 4135 601 4194; x_wconf 88' lang='lat' dir='ltr'><strong>manibus</strong></span> <span class='ocrx_word' id='word_1_274' title='bbox 617 4135 786 4210; x_wconf 86' lang='lat' dir='ltr'><strong>patibulum</strong></span> <span class='ocrx_word' id='word_1_275' title='bbox 810 4157 876 4196; x_wconf 88' lang='lat' dir='ltr'><strong>curn</strong></span> <span class='ocrx_word' id='word_1_276' title='bbox 897 4135 1031 4196; x_wconf 88' lang='lat' dir='ltr'><strong>habebis.</strong></span> 
     </span>
    </p>
   </div>
   <div class='ocr_carea' id='block_1_4' title="bbox 236 4311 1387 4516">
    <p class='ocr_par' dir='ltr' id='par_1_4' title="bbox 236 4311 1387 4516">
     <span class='ocr_line' id='line_1_35' title="bbox 248 4311 1387 4403; baseline 0.008 -28"><span class='ocrx_word' id='word_1_277' title='bbox 248 4311 331 4376; x_wconf 85' lang='lat' dir='ltr'><strong>Nam</strong></span> <span class='ocrx_word' id='word_1_278' title='bbox 354 4315 485 4400; x_wconf 84' lang='lat' dir='ltr'><strong>vulgata</strong></span> <span class='ocrx_word' id='word_1_279' title='bbox 507 4318 633 4402; x_wconf 90' lang='lat' dir='ltr'><strong>quidem</strong></span> <span class='ocrx_word' id='word_1_280' title='bbox 655 4319 814 4403; x_wconf 88' lang='lat' dir='ltr'><strong>scriptura</strong></span> <span class='ocrx_word' id='word_1_281' title='bbox 837 4326 971 4386; x_wconf 75' lang='lat' dir='ltr'><strong>litterae</strong></span> <span class='ocrx_word' id='word_1_282' title='bbox 992 4325 1123 4385; x_wconf 83' lang='lat' dir='ltr'><strong>eundum</strong></span> <span class='ocrx_word' id='word_1_283' title='bbox 1146 4331 1278 4386; x_wconf 75' lang='lat' dir='ltr'><strong>(actutum</strong></span> <span class='ocrx_word' id='word_1_284' title='bbox 1296 4329 1387 4384; x_wconf 77' lang='lat' dir='ltr'><strong>entra</strong></span> 
     </span>
     <span class='ocr_line' id='line_1_36' title="bbox 236 4427 1386 4516; baseline 0.006 -29"><span class='ocrx_word' id='word_1_285' title='bbox 236 4435 366 4514; x_wconf 24' lang='lat' dir='ltr'><strong>,portum</strong></span> <span class='ocrx_word' id='word_1_286' title='bbox 388 4427 459 4510; x_wconf 89' lang='lat' dir='ltr'><strong>plus</strong></span> <span class='ocrx_word' id='word_1_287' title='bbox 482 4429 625 4512; x_wconf 86' lang='lat' dir='ltr'><strong>profecto</strong></span> <span class='ocrx_word' id='word_1_288' title='bbox 641 4431 804 4496; x_wconf 88' lang='lat' dir='ltr'><strong>molestiae</strong></span> <span class='ocrx_word' id='word_1_289' title='bbox 828 4434 915 4496; x_wconf 87' lang='lat' dir='ltr'><strong>creat</strong></span> <span class='ocrx_word' id='word_1_290' title='bbox 936 4455 1031 4516; x_wconf 65' lang='lat' dir='ltr'><strong>‹pumn</strong></span> <span class='ocrx_word' id='word_1_291' title='bbox 1047 4435 1247 4516; x_wconf 85' lang='lat' dir='ltr'><strong>perspectum</strong></span> <span class='ocrx_word' id='word_1_292' title='bbox 1275 4435 1324 4497; x_wconf 88' lang='lat' dir='ltr'><strong>est</strong></span> <span class='ocrx_word' id='word_1_293' title='bbox 1346 4432 1386 4496; x_wconf 87' lang='lat' dir='ltr'><strong>ab</strong></span> 
     </span>
    </p>
   </div>
   <div class='ocr_carea' id='block_1_5' title="bbox 0 0 1654 5102">
    <p class='ocr_par' dir='ltr' id='par_1_5' title="bbox 0 0 1654 5102">
     <span class='ocr_line' id='line_1_37' title="bbox 0 0 1654 5102; baseline 0 0"><span class='ocrx_word' id='word_1_294' title='bbox 0 0 1654 5102; x_wconf 95' lang='lat' dir='ltr'><strong> </strong></span> 
     </span>
    </p>
   </div>
  </div>
 </body>
</html>
