3302 5096
256 327 319 393 432
611 344 829 406 vanrcoovra
851 345 1037 397 acaunus.

342 502 437 574 Quam
464 505 574 564 institi.
619 503 674 566 Pu.
708 507 1047 672 p⁰rpffig³ll⁸·1llniu⁸
1074 509 1132 567 tibi
1160 508 1248 570 ambo
1278 529 1398 586 oporam

866 613 931 652 auri
954 613 998 652 us.

340 705 583 770 Transeundum
600 709 649 770 est
664 706 703 771 ad
718 707 852 792 simplex
865 715 1015 788 puriqore
1029 708 1170 772 verbum.
1208 709 1246 774 Id
1260 711 1399 795 primurn
1450 741 1453 748 ⁴

256 838 321 880 non
344 816 507 880 dubitabis
529 817 718 882 Mercatoris
740 819 844 882 versui
866 817 923 901 IV,
947 819 979 901 3,
1002 819 1042 884 37
1068 816 1154 907 [738]
1177 819 1324 884 reddere:

340 958 416 1017 Lrs
450 958 535 1017 Nihil
549 960 647 1018 htrclc
662 959 750 1020 istius
767 962 967 1036 quicquamst.
1012 960 1091 1020 Don.
1114 979 1238 1020 numero
1258 962 1397 1039 pdrigas:

255 1089 308 1153 ubi
329 1097 472 1170 parcitas
501 1091 674 1175 editoribus
702 1089 851 1176 debetur,
878 1113 999 1172 purpus
1026 1091 1149 1155 librarii
1176 1091 1396 1176 prodiderunt,

257 1221 335 1284 quos
358 1201 397 1264 ad
419 1200 622 1266 inferendam
644 1202 750 1285 potius
773 1223 868 1286 quam
890 1202 930 1266 ad
952 1200 1185 1266 obscurandam
1211 1201 1393 1267 iterativum

221 1397 225 1404 .
257 1311 393 1375 formam
408 1334 584 1396 propensos
606 1313 821 1398 cognovimur.
859 1311 958 1377 Porro
973 1311 1218 1397 Amphitruonis
1233 1311 1292 1398 ΠΙ,
1309 1313 1339 1397 2,
1356 1313 1398 1377 64

259 1418 343 1511 [945]
375 1445 446 1487 cum
472 1424 627 1507 pessimos
654 1445 803 1489 numeros
837 1431 947 1489 Verum
975 1429 1081 1488 eodem
1107 1429 1136 1488 si
1155 1430 1247 1488 isdem
1264 1445 1395 1504 porcos,

255 1539 491 1616 mibipotiundu
505 1547 576 1600 sunt
597 1557 664 1600 non
685 1533 864 1600 mehercule
887 1534 1032 1599 meliores
1054 1533 1193 1598 fecerint
1215 1535 1397 1619 qui'trans·

256 1645 414 1728 positione
434 1646 484 1710 usi
505 1645 679 1730 spondiaco
700 1668 776 1710 voce
792 1649 940 1730 quartum
955 1645 1067 1730 pedem
1082 1648 1258 1710 onerarunt
1288 1650 1395 1712 Verum

256 1762 360 1820 eodem
382 1764 410 1821 si
430 1763 508 1822 r'dcm
530 1763 752 1838 milripurqos,
779 1763 931 1837 potiunda
952 1769 1037 1834 sunt,
1067 1759 1137 1841 quis
1159 1777 1226 1820 non
1248 1755 1299 1819 hic
1322 1777 1396 1840 quo-

256 1890 317 1952 que
339 1867 469 1951 expulso
492 1868 672 1932 adventicio
695 1869 883 1952 pronomine
906 1853 952 1932 sic
974 1868 1036 1932 arti
1059 1866 1222 1932 consulat:

341 2011 453 2070 Verum
476 2010 580 2069 tadum
601 2010 627 2070 si
648 2010 745 2069 isdem
767 2011 903 2088 pungas,
932 2011 1080 2085 patiunda
1102 2013 1188 2070 sunt:

257 2145 382 2206 servata
404 2141 547 2226 quidem,
576 2163 657 2226 quae
679 2163 744 2205 non
772 2141 937 2206 intellecta
958 2145 1022 2226 est,
1052 2141 1158 2226 prisca
1179 2141 1214 2204 in
1235 2147 1330 2206 isdem
1352 2141 1396 2204 la-

256 2252 435 2334 tinitate.*)
473 2251 543 2316 Nec
557 2252 698 2317 eiusdem
713 2273 847 2316 scaenae
862 2275 970 2318 versus
985 2253 1026 2317 28
1044 2251 1131 2340 [909]
1148 2273 1215 2316 non
1234 2251 1397 2336 aliquanto

258 2363 385 2427 suavius
408 2363 454 2426 sic
476 2361 567 2427 fluet:
848 2356 852 2362 ¹

345 2505 386 2564 Et
408 2506 439 2564 id
460 2505 520 2565 bric
540 2506 655 2566 revorti
676 2509 711 2564 ut
733 2506 905 2583 pririgarcm
926 2509 974 2565 mt
995 2507 1067 2581 tibi,

262 2657 357 2722 quam
379 2645 424 2702 uei
444 2659 490 2702 me
505 2659 674 2718 purpuram
704 2637 876 2704 substituto
904 2642 1031 2724 praeter
1060 2637 1199 2721 codices,
1228 2633 1396 2720 inquibus

258 2761 290 2814 ut
312 2770 358 2812 me
376 2770 544 2830 purpuram
567 2751 624 2812 est.
668 2747 773 2814 Nimis
796 2750 982 2836 ambiguum
1003 2753 1052 2815 est
1072 2749 1110 2814 de
1125 2747 1249 2813 lacerae
1264 2767 1397 2812 scaenae

259 2857 394 2924 Casinas
410 2857 488 2944 V‚3
510 2855 602 2924 lcrsu
623 2861 644 2924 5
666 2860 827 2944 iudicium,
851 2861 905 2946 qui
929 2883 999 2926 cum
1016 2883 1102 2926 nunc
1124 2859 1229 2924 nullos
1250 2878 1397 2922 numeros

259 2970 387 3055 habeat,
411 2993 477 3036 non
499 2971 698 3035 incommode
720 2971 873 3036 iambicos
895 2973 1102 3038 nanciscatur
1123 2969 1219 3035 tales:

343 3113 406 3172 Nec
429 3114 539 3190 quibus
562 3113 659 3172 modis
682 3133 729 3173 mc
751 3114 888 3191 pinigem
912 3114 971 3174 scio
994 3134 1076 3173 mcac
1100 3108 1214 3192 [miser]
1238 3111 1333 3170 urdri.

260 3243 380 3310 Contra
407 3245 507 3310 bonos
534 3265 592 3328 per
624 3265 658 3308 se
691 3266 840 3310 numeros
877 3248 1028 3311 constans
1061 3243 1213 3309 memoria
1246 3241 1399 3306 librorum

260 3358 404 3438 praestat
425 3355 534 3420 Aulul.
558 3355 615 3439 IV,
642 3356 691 3440 10,
716 3357 771 3420 61:

345 3496 424 3567 Qun
446 3497 569 3573 pudeat,
593 3498 667 3572 quin
689 3499 799 3574 purget
821 3459 893 3556 sese.
916 3499 996 3557 nirnc
1017 3501 1048 3556 te
1071 3497 1214 3569 obtestor,
1237 3494 1356 3555 Euclio·

260 3626 324 3692 Vbi
353 3629 414 3692 etsi
441 3631 547 3712 potest
573 3651 650 3692 sanc
678 3627 762 3717 idem
789 3628 868 3693 illu'd
896 3628 1049 3693 accidisse
1078 3631 1129 3711 ut,
1163 3649 1233 3692 cum
1261 3626 1400 3710 pristina

257 3747 381 3819 puriori
402 3761 433 3804 se
455 3739 614 3824 scriptura
635 3740 669 3804 in
687 3752 800 3820 puroet
821 3761 853 3804 se
874 3740 1071 3823 transiisset,
1100 3736 1267 3802 fulciretur
1289 3759 1397 3802 versus

261 3850 425 3935 geminato
447 3872 487 3930 se,
512 3854 622 3914 tamen
645 3852 678 3914 ct
699 3857 863 3930 obiurqore
884 3851 1006 3916 formae
1030 3849 1224 3934 comparatio
1239 3853 1348 3913 monet
1363 3851 1398 3912 ut

261 3983 302 4026 ne
326 3959 458 4026 calidius
480 3964 657 4026 statuamus
686 3964 719 4025 ct
746 3962 874 4048 gravius
903 3963 999 4026 etiam
1029 3983 1066 4025 eu
1096 3982 1177 4044 quae
1206 3959 1397 4024 subiecimus

261 4069 416 4154 exempla.
462 4070 530 4137 Nec
553 4071 639 4136 enim
660 4071 829 4137 Terentius
858 4076 986 4138 tantum
1008 4071 1242 4156 productiorem
1264 4069 1400 4134 formam

262 4221 467 4230 ..n———n-d

330 4301 354 4370 *)
383 4301 454 4372 [Dixi
477 4301 512 4356 dc
534 4302 587 4356 hac
607 4303 636 4355 in
659 4303 802 4372 prooemio
821 4303 958 4358 Bonnensi
976 4301 1092 4357 hibcrnc
1111 4319 1173 4356 ann.
1194 4297 1400 4357 cloroccctv

263 4395 292 4449 et
309 4393 369 4449 LVI
386 4413 413 4465 p.
432 4395 470 4448 Vl
490 4397 601 4459 (iterato
619 4397 647 4450 iu
666 4397 776 4452 Decadc
794 4399 998 4467 prooemiorum
1016 4415 1042 4451 u.
1062 4397 1129 4466 IV).]
