3300 5102
251 234 314 299 376
533 251 773 314 qvausmonas
797 257 1100 308 noeoeaararcra.

336 413 525 476 carrarias.
570 414 715 492 Propera:
743 419 817 494 quid
840 419 922 479 stas?
945 440 1057 481 arcesse
1080 441 1183 500 agnos.
1207 425 1299 482 audin
1322 425 1394 502 quid

796 547 799 554 »
858 498 901 563 ait
922 505 1081 582 Iuppiter?

335 586 531 648 Psnvovavs.
575 586 641 647 Iam
662 588 711 647 hio
726 608 790 648 ero:
813 609 917 650 verum
940 594 1023 650 extra
1045 595 1164 668 portam
1185 594 1308 653 Metiam
1331 615 1394 655 cur-

860 675 1017 737 rendumst
1039 678 1132 754 prius.

339 756 414 820 Can.
438 755 517 828 Quid
540 757 596 819 eo?
631 758 747 820 Psuvn.
770 761 1128 909 laniostiliququalqsoessam
1151 766 1226 826 duos
1249 785 1316 826 oum
1338 767 1396 826 tin-

255 994 469 1078 Eiusdemque
498 997 610 1078 portae
633 1015 823 1080 quamquam
852 1017 918 1060 non
940 996 1126 1062 nominatae
1148 1001 1279 1064 tertium
1301 1003 1396 1086 quod-

256 1104 329 1168 dam
354 1105 439 1190 apud
467 1105 603 1170 eundem
633 1107 762 1190 poetam
784 1106 963 1191 exemplum
986 1111 1111 1172 exstare
1134 1109 1237 1175 visum
1259 1116 1308 1176 est
1334 1112 1397 1176 Mi·

256 1215 345 1282 litis
367 1216 535 1302 gloriosi
562 1215 611 1300 II,
634 1216 672 1301 4,
695 1216 715 1281 6
744 1215 848 1306 [359]‚
877 1217 932 1282 ubi
952 1215 1040 1283 'haee
1067 1223 1143 1284 sunt
1170 1219 1398 1287 Palaestrionis

257 1327 297 1391 ad
319 1326 501 1393 Seeledrum
522 1327 635 1392 verba:

343 1468 439 1530 Credo
474 1472 529 1547 ego
557 1469 634 1530 istor
661 1471 795 1548 exemplo
823 1471 880 1530 tibi
908 1491 971 1532 esse
998 1474 1128 1532 eundum
1157 1476 1291 1533 actutum
1318 1476 1401 1534 extra

343 1642 493 1718 Dispossis
515 1643 653 1702 manibus
675 1641 848 1717 patibulum
863 1561 1092 1703 libbimblabebis.

211 1789 239 1839 W
261 1792 314 1857 Sic
336 1791 422 1858 enim
444 1789 525 1856 haee
547 1789 731 1875 vulgantur.
776 1789 883 1874 Atque
910 1788 962 1854 his
990 1791 1092 1856 tribus
1121 1791 1313 1857 testimoniis
1341 1793 1401 1857 etsi

260 1903 365 1968 omnis
387 1901 505 1968 Metine
527 1904 640 1984 portae
662 1905 695 1965 et
717 1901 869 1964 memoria
892 1903 925 1965 et
952 1901 1029 1965 fides
1058 1902 1241 1980 sentinetur
1247 1953 1256 1986 ,
1293 1905 1400 1968 tamen

261 2015 370 2078 mirari
392 2013 479 2094 lieet,
503 2012 585 2096 quod
608 2033 678 2076 cum
701 2012 823 2095 priores
845 2011 943 2076 Vrbis
965 2015 1167 2078 enarratores
1193 2013 1297 2079 Guido
1318 2013 1402 2078 Pan·

263 2099 392 2190 eirollus
414 2126 447 2188 et
470 2122 568 2188 Olaus
590 2121 776 2187 Borriehius
799 2123 883 2206 apud
912 2121 1099 2208 Graevium,
1128 2122 1244 2189 Luoiua
1273 2123 1402 2188 Faunus

264 2237 296 2298 et
317 2234 418 2299 lulius
434 2231 611 2296 Minutulus
634 2232 718 2316 apud
739 2232 963 2316 Sallengerum
985 2237 1018 2297 et
1038 2234 1175 2299 fortasse
1198 2234 1252 2299 alii
1274 2257 1402 2319 prorsus

263 2345 352 2409 illam
375 2343 503 2426 silentio
531 2344 832 2428 praetermiserunt,
861 2345 929 2407 tum
951 2365 1059 2408 eorum
1086 2344 1231 2428 quidam,
1261 2345 1316 2429 qui
1343 2345 1403 2409 hae

265 2458 370 2520 aetate
400 2453 564 2518 Romanae
597 2453 799 2540 antiquitatis
832 2453 1007 2538 imaginem
1035 2453 1192 2540 singulari
1219 2455 1324 2542 studio
1352 2477 1403 2520 ex-

265 2569 462 2652 presserunt,
484 2586 525 2629 ne
549 2566 644 2630 verbo
667 2563 804 2649 quidem,
829 2585 884 2628 eur
906 2565 1034 2630 illorum
1056 2565 1236 2649 exemplum
1251 2567 1312 2630 sibi
1335 2566 1403 2630 imi-

265 2677 400 2742 tandum
433 2677 659 2761 sumpsissent,
698 2675 933 2761 significarunt.
989 2675 1051 2741 Sed
1083 2677 1120 2740 ut
1150 2676 1316 2741 mittamus
1350 2677 1403 2760 qui

266 2791 451 2854 tacuerunt:
488 2791 561 2874 post
582 2787 628 2852 Io.
652 2785 835 2871 Baptistam
856 2785 949 2850 Pium
970 2786 1078 2851 Plauti
1100 2785 1326 2870 interpretem,
1350 2787 1405 2870 qui

268 2903 324 2964 aut
351 2923 368 2964 e
398 2904 516 2964 Naevio
547 2903 604 2963 aut
632 2899 710 2963 adeo
738 2920 755 2962 e
784 2902 907 2962 Maenia
934 2897 1070 2981 quadam
1103 2895 1179 2979 (hue
1206 2897 1292 2961 enim
1323 2897 1406 2962 valet

268 3011 351 3095 quod
365 3009 422 3075 illo
437 3009 565 3075 nolente
581 3031 766 3093 expressum
789 3011 838 3072 est
858 3009 969 3089 meria)
994 3009 1174 3091 corruptam
1190 3013 1285 3072 Melia
1307 3007 1407 3091 serip-

269 3125 375 3186 turam
408 3121 543 3206 putabat
569 3125 602 3185 et
630 3142 701 3184 eum
731 3119 877 3184 columna
905 3118 1049 3200 Moerus,
1079 3124 1122 3182 ad
1147 3139 1236 3198 quam
1261 3121 1350 3194 sures
1378 3129 1407 3183 et

204 3239 218 3262 ⁰
269 3239 349 3298 servi
374 3253 501 3313 nequam
529 3236 700 3295 oIIIm'rr's
726 3235 910 3310 capitalibus
934 3235 1041 3309 puniri
1059 3235 1151 3307 soliti,
1180 3232 1300 3294 temere
1323 3229 1407 3292 Mae-

195 3407 198 3413 .
270 3345 358 3409 niam
379 3346 505 3428 portam
528 3341 730 3424 conferebat,
760 3341 799 3405 de
825 3339 896 3425 ipsa
923 3339 1027 3403 forma
1054 3345 1148 3404 Melia
1176 3339 1315 3404 nominis
1342 3361 1408 3403 non

272 3455 339 3520 lere
371 3453 550 3518 dubitatum
583 3455 648 3535 est,
682 3451 744 3516 nisi
772 3451 853 3536 quod
877 3472 943 3515 non
965 3448 1046 3514 nulli
1069 3455 1197 3514 Mecium
1225 3449 1331 3533 potius
1360 3448 1409 3512 vel

274 3571 424 3631 illaesione
446 3563 541 3628 scribi
563 3563 747 3628 voluerunt:
775 3561 877 3646 qualis
901 3581 978 3624 sane
1000 3581 1066 3624 non
1088 3559 1238 3644 frequens
1262 3563 1325 3642 est,
1355 3558 1410 3623 sed

276 3678 428 3740 constans
455 3673 608 3738 librorum
638 3696 713 3738 mss.
744 3671 970 3757 discrepantia.
1015 3669 1099 3734 Nam
1128 3692 1200 3734 eum
1227 3691 1246 3734 a
1275 3667 1409 3755 Metio*)

275 3785 420 3870 Fuffetio,
443 3784 528 3850 Tulli
550 3782 681 3850 Hostilii
702 3783 839 3869 aequali,
866 3781 1036 3849 Seruianae
1058 3783 1170 3864 portae
1192 3801 1309 3845 nomen
1332 3780 1410 3844 satis

344 4024 368 4092 *)
381 4023 469 4078 Immo
480 4023 608 4078 Mettio.
632 4021 692 4087 Quo
711 4022 838 4093 spectare
855 4019 973 4088 videtur,
992 4017 1067 4089 quod
1084 4019 1203 4074 fortasse
1216 4019 1344 4076 Meuium
1361 4033 1412 4086 po-

276 4118 332 4172 tius
350 4133 433 4185 quarn
451 4118 566 4176 Mettum
584 4115 754 4187 appellatam
772 4131 832 4170 aare
850 4115 954 4170 Patous
972 4111 1124 4167 adnotavit.
1163 4111 1238 4183 [Non
1256 4110 1311 4165 ullo
1329 4109 1412 4165 modo

278 4209 465 4266 reiectaneam
483 4210 570 4266 videri
592 4211 697 4268 Melius
716 4209 833 4264 formam
856 4223 889 4262 ex
911 4206 950 4260 eia
966 4204 1145 4276 intellegatur
1163 4221 1234 4273 quae
1252 4203 1289 4259 ad
1307 4202 1413 4269 Quinti-

280 4305 386 4360 lianum
403 4321 492 4375 nuper
510 4302 690 4360 commentati
708 4321 802 4358 sumus
819 4300 908 4356 Musei
924 4299 1012 4354 Rhen.
1031 4300 1051 4354 t.
1069 4297 1146 4353 XXII
1162 4315 1190 4368 p.
1210 4297 1282 4369 602]
