3300 5102
275 327 338 392 260
618 342 839 393 auossarnvn
862 343 1075 390 Punvrrnvn.

275 497 351 560 tudo
363 517 413 560 me
426 517 533 560 eorum
546 497 763 580 exemplorum
775 501 889 580 movet,
909 519 990 581 quae
1004 517 1124 561 rursum
1137 501 1268 568 servant
1278 497 1311 561 in
1323 497 1413 561 libris

276 610 332 671 aut
346 608 493 671 omnibus
509 610 565 671 aut
582 607 726 692 optimis:
746 629 879 691 quorum
895 629 1063 671 numerum
1078 607 1178 670 habes
1196 608 1323 671 circiter
1338 608 1414 671 tri-

232 745 234 750 ’
276 719 478 783 senarium
511 721 651 802 (praeter
678 739 716 781 ea
742 719 777 782 in
805 718 919 802 quibus
946 740 1066 782 rursum
1094 717 1349 801 monosyllabum
1377 720 1440 780 fit.

275 833 350 893 ante
365 828 530 910 vocalem).
559 828 598 892 In
619 850 682 912 quo
693 851 824 892 numero
837 829 933 892 etiam
941 826 1024 892 'haec
1036 828 1184 892 habenda
1196 832 1281 910 sunt,
1300 829 1334 894 in
1346 828 1413 912 qui·

275 939 334 1003 bus
367 961 474 1004 rursus
495 938 549 1002 diu
572 942 785 1024 propagatum
807 960 894 1003 nunc
917 939 1013 1002 cessit
1034 938 1201 1003 meliorum
1223 939 1297 1003 fidei
1319 939 1413 1004 libro-

274 1071 360 1113 rum:
393 1088 436 1097 -
467 1048 581 1114 Militis
603 1049 651 1131 II,
675 1051 710 1131 6,
737 1050 798 1113 109
830 1049 918 1132 (592)
951 1053 1053 1113 Redeo
1075 1052 1106 1114 in
1128 1061 1264 1114 senatum
1294 1051 1412 1114 adsum:

275 1181 345 1223 nam
368 1162 553 1224 Palaestrio:
588 1159 634 1223 sic
656 1159 742 1223 enim
764 1159 809 1223 ibi
832 1159 1075 1242 Ambrosianus
1109 1161 1163 1224 ubi
1186 1160 1272 1243 ipsos
1295 1159 1412 1223 Palati-

274 1291 333 1334 nos
365 1269 481 1333 vitiosa
511 1291 616 1335 rursus
649 1270 807 1353 scriptura
840 1271 1023 1353 occupavit,
1045 1309 1087 1318 —
1120 1270 1188 1334 Mil.
1213 1269 1271 1353 ΠΙ,
1298 1271 1326 1352 1,
1354 1270 1411 1333 107

275 1381 366 1465 (701)
399 1381 439 1443 oi
468 1385 524 1445 tibi
548 1381 681 1460 propitii
711 1391 780 1444 suat
815 1385 933 1444 hercle:
975 1387 1004 1444 si
1038 1383 1125 1444 r'stam
1156 1387 1246 1446 semel
1277 1383 1413 1444 amiseris

275 1493 468 1563 Libertatem,
502 1495 564 1554 hau
581 1493 681 1568 filcile
702 1503 731 1554 te
752 1497 783 1554 in
806 1512 872 1554 eam
895 1491 996 1554 risum
1019 1493 1158 1556 restituet·
1179 1498 1277 1555 Iocum
1300 1513 1411 1554 secun-

274 1601 349 1664 dum
371 1593 621 1665 Ambrosianum
642 1603 675 1664 et
696 1600 873 1682 Palatinos
896 1599 952 1663 ubi
974 1623 1056 1664 unus
1080 1600 1203 1665 Merula
1226 1623 1297 1664 cum
1320 1601 1411 1665 Italis

274 1734 396 1794 rursus,
419 1750 460 1758 —-
482 1710 610 1776 Trucul.
634 1709 675 1793 V,
700 1711 740 1775 73
766 1709 922 1789 liliumque
944 1722 976 1774 nl
989 1733 1050 1775 rem
1067 1716 1139 1776 benc
1151 1715 1267 1790 postam
1285 1713 1409 1798 {uideo}

201 1895 203 1902 ‚
273 1825 402 1887 vostram
435 1843 553 1886 rursum
585 1823 659 1886 liene
689 1842 812 1899 peram,
848 1821 901 1884 ubi
924 1819 1124 1886 Camerarius
1158 1822 1285 1886 demum
1306 1845 1412 1886 rursus

273 1932 412 2014 invexit,
447 1953 512 1996 non
545 1932 609 1995 alia
642 1934 720 2014 puto
755 1953 866 1994 caussa
898 1934 1003 1995 motus
1031 1932 1094 1995 nisi
1132 1909 1215 2016 quod
1236 1933 1271 1996 iu
1294 1931 1411 1996 Vetere

161 2043 167 2054 '
273 2064 339 2106 non
361 2045 410 2106 est
431 2065 551 2107 rursum
573 2045 609 2105 ut
631 2042 665 2105 in
689 2042 802 2105 ceteris
825 2042 991 2124 scriptum,
1014 2042 1069 2106 scd
1092 2042 1335 2106 immemorabili
1351 2043 1411 2107 dis·

274 2152 440 2236 crepantia
461 2176 551 2218 rursa
573 2157 646 2216 bene
665 2173 753 2230 pera.
798 2151 923 2215 Tantae
945 2152 1047 2236 igitur
1068 2153 1283 2237 exemplorum
1299 2153 1410 2216 multi·

273 2262 376 2326 tudini
409 2263 472 2325 tria
493 2265 619 2326 tantum
643 2265 772 2325 exstant
793 2283 874 2346 (luae
896 2262 967 2346 quis
989 2267 1146 2346 opponat,
1179 2285 1278 2347 eaque
1300 2285 1317 2326 c
1338 2262 1409 2326 tali-

250 2372 332 2436 'bus
353 2371 535 2436 fabularum
556 2371 779 2436 Plautinarurn
801 2372 946 2454 partibus
968 2373 1071 2456 petita
1092 2373 1199 2437 omnia
1206 2423 1215 2455 ,
1238 2375 1273 2436 in
1295 2371 1409 2455 quibus

273 2482 479 2546 Ambrosiam
512 2481 628 2547 codicis
658 2481 851 2546 testimoniis
886 2481 1098 2547 destituimur.
1144 2483 1188 2547 Et
1209 2483 1320 2546 horum
1342 2481 1408 2565 qui-

273 2592 344 2656 dem
366 2615 481 2676 unum,
511 2593 595 2676 quod
617 2596 666 2656 cst
688 2592 822 2658 Poenuli
844 2592 924 2676 prol.
949 2593 990 2658 79
1013 2599 1162 2659 Revertor
1183 2616 1289 2659 rursus
1310 2595 1409 2656 de'aao

274 2705 499 2785 cartaapaem,
523 2704 594 2786 quis
615 2702 666 2768 vel
681 2704 840 2788 tantisper
862 2703 1004 2767 tuebitur
1027 2707 1211 2789 comparato
1234 2704 1304 2769 Cas.
1328 2700 1407 2788 prol.

272 2813 313 2878 33
331 2817 435 2894 pdstr'd
464 2835 585 2879 rursum
620 2814 741 2878 dcizuo‘i
784 2813 872 2898 Ergo
905 2835 945 2877 ne
968 2815 1029 2878 duo
1051 2815 1178 2898 quidem
1199 2837 1280 2899 quae
1302 2834 1409 2898 super-

273 2926 363 2988 sunt:
397 2923 496 2989 Merc.
520 2923 561 3007 V,
595 2925 626 3008 4,
661 2925 701 2989 41
726 2925 838 3010 (1001)
864 2928 1081 2989 tbrrsrtetudine
1113 2929 1232 2990 (intrans
1253 2947 1360 2990 rursus
1381 2936 1410 2988 le
1447 2942 1455 2955 ·

271 3035 331 3098 tric
353 3041 506 3100 indirecta
535 3039 684 3118 dbscecro,
709 3039 742 3099 et
762 3033 861 3100 Poen.
886 3034 926 3117 V,
951 3035 981 3118 2,
1005 3035 1047 3099 40
1069 3037 1179 3100 Solita
1201 3041 1282 3100 banc
1304 3057 1410 3100 rursus

245 3146 380 3229 ,palaico
402 3148 498 3210 uadis
518 3153 604 3223 meis,
641 3146 776 3210 multum
809 3145 971 3210 dubitabis
994 3149 1142 3210 revocata
1163 3168 1283 3212 rursum
1305 3146 1410 3210 forma

272 3255 311 3317 ad
345 3255 538 3340 reliquorum
569 3256 810 3320 similitudinem
844 3256 1090 3320 accommodare.
1141 3255 1212 3319 Etsi
1234 3257 1320 3320 enirn
1343 3277 1408 3320 non

271 3387 322 3429 me
344 3365 430 3450 fugit
452 3365 653 3431 Naeuianum
675 3388 693 3430 e
715 3366 893 3430 Tarentilla
916 3364 1110 3448 exemplum,
1146 3367 1228 3450 quod
1251 3387 1317 3430 non
1339 3365 1409 3429 sine

271 3497 391 3559 magna
412 3477 639 3559 probabilitate
662 3476 708 3541 sic
730 3477 962 3562 redintegravit
973 3475 1015 3540 H.
1029 3475 1151 3539 Keilius
1175 3477 1215 3539 ad
1228 3475 1407 3542 Charisium

270 3586 403 3670 112171
437 3591 498 3666 qud
524 3610 587 3669 pro
619 3591 801 3664 confidentia
834 3589 933 3652 [tasas
959 3591 1078 3651 vertum
1106 3588 1173 3650 crim
1201 3609 1236 3651 eo
1260 3591 1406 3665 facerem,

188 3731 192 3744 ·
270 3700 380 3762 tamen
398 3701 583 3762 etseorsum
605 3698 821 3783 quaerendum
843 3695 1016 3762 estPlauto
1038 3697 1114 3782 quid
1136 3697 1302 3782 placuerit,
1327 3702 1359 3761 et
1381 3698 1408 3761 is

271 3811 307 3871 ut
329 3807 390 3872 sibi
412 3807 480 3892 ipse
504 3811 629 3872 constet
651 3808 827 3872 curandum
842 3811 970 3891 praeter
986 3811 1102 3872 cetera.
1147 3807 1197 3872 Nc
1214 3809 1285 3893 quis
1301 3812 1408 3872 autem

270 3918 484 3982 ratiocinandi
517 3918 769 3984 inconstantiam
791 3917 869 3981 mihi
892 3918 1021 4000 obiciat,
1056 3918 1109 4001 qui
1133 3923 1208 3983 ante
1232 3941 1407 3983 consonan-

270 4032 336 4092 tem
368 4028 491 4113 positae
519 4051 625 4093 rursas
646 4028 768 4092 fonnae
791 4028 852 4091 duo
874 4027 937 4113 (vel
960 4029 1037 4112 tria)
1060 4028 1205 4113 exempla
1228 4029 1405 4112 sollicitem,

270 4139 319 4202 bis
342 4139 443 4204 vocali
465 4139 673 4223 praemissam
694 4141 818 4203 natatus
840 4139 900 4202 sim
922 4161 1033 4223 supra:
1067 4139 1280 4223 reputandum
1303 4142 1351 4204 est
1373 4139 1407 4202 in

271 4247 342 4312 hoc
364 4271 481 4334 genere
514 4249 713 4333 aliquantum
745 4249 882 4313 valuisse
910 4250 1004 4313 metri
1026 4249 1289 4336 invitamentum,
1324 4249 1408 4334 quod

271 4358 394 4422 nullum
416 4359 449 4422 in
472 4358 543 4422 illo
565 4359 637 4423 fuit.
673 4359 784 4442 Itaque
807 4360 903 4422 etiam
916 4363 989 4442 post
1013 4359 1159 4424 Plautum
1176 4384 1282 4426 rursus
1298 4363 1408 4438 inferis
