3300 5102
583 323 803 371 onosssruvn
828 321 1042 370 snlwnnvn.
1320 305 1382 370 249

240 475 387 540 Eandem
414 475 468 540 ille
496 483 579 542 nevis
607 475 747 561 glossam
771 477 860 540 iuxta
882 483 982 541 nevolt
1004 476 1163 560 excerpsit
1185 481 1204 558 ξ
1226 477 1279 540 42.
1302 478 1344 542 43
1366 499 1383 540 e

241 585 420 652 Trinummi
434 585 477 669 Π,
494 585 525 668 2,
541 587 581 650 47
606 585 698 671 (328)
720 592 747 650 si
760 597 793 651 tu
808 593 975 690 nonnette,
1001 589 1096 670 etque
1118 591 1175 651 sut
1189 609 1206 651 e
1220 586 1263 669 H,
1286 586 1318 670 2,
1342 587 1383 652 82

243 698 332 782 (361)
354 704 449 762 mutto
482 701 596 762 nomem·
616 675 770 775 eueniunt,
795 718 874 776 quoe
895 705 964 770 uolt,
988 700 1071 776 quue'
1089 705 1201 776 nevolt,
1236 701 1293 761 out
1313 719 1330 762 e
1352 719 1381 760 v.

243 809 285 872 85
308 807 398 893 (364)
422 813 469 872 Εο
491 829 551 872 non
574 812 678 880 multu,
712 811 795 886 quue'
813 813 920 881 nevolt,
954 811 1104 873 eveniunt.
1155 807 1295 884 Quorum
1316 829 1383 872 uer-

243 941 336 983 suum
350 919 473 1004 primus
495 916 635 983 ostendit
655 939 721 982 non
739 918 943 982 Ambrosiani
967 918 1017 1002 (in
1039 940 1101 1003 quo
1123 923 1172 984 est
1192 925 1253 984 nui
1271 928 1303 983 tu
1323 941 1385 984 non

244 1031 319 1114 nis),
349 1029 404 1094 sed
431 1027 650 1092 Palatinorum
679 1027 775 1092 simili
797 1027 1020 1108 recensione*)
1049 1051 1140 1093 nsum
1168 1049 1237 1093 esse
1265 1029 1385 1114 glosso-

244 1138 412 1226 graphum.
446 1176 489 1187 -
521 1138 692 1203 Praetereo
724 1146 807 1204 nevis
837 1137 924 1203 infre
945 1138 1027 1203 redit
1050 1144 1069 1220 8
1091 1140 1133 1205 58
1156 1161 1173 1204 e
1195 1123 1384 1204 mereatoris

244 1250 270 1333 Ι,
304 1249 336 1332 2,
369 1250 411 1315 39
434 1249 525 1336 (150)
566 1251 623 1314 Vin
656 1261 689 1314 tu
721 1261 749 1314 te
780 1256 822 1314 mt'
842 1270 905 1314 esse
926 1233 1131 1330 obsequentem
1153 1253 1193 1316 a'n
1216 1257 1322 1316 neoto?
1348 1289 1382 1298 -

246 1361 394 1427 Ceterum
426 1368 509 1425 neeis
530 1367 630 1426 nevolt
651 1359 803 1445 quonium
825 1381 890 1424 non
912 1364 989 1424 sunt
1011 1361 1171 1441 adverbio,
1204 1361 1385 1447 glossogra-

245 1470 345 1555 phum
377 1473 512 1555 apparet
541 1493 595 1536 ess
616 1470 736 1536 formos
758 1475 884 1556 praeter
906 1469 1063 1536 rationem
1086 1473 1246 1556 accepisse
1267 1492 1326 1556 pro
1349 1492 1387 1536 ne

247 1589 306 1660 vis,
343 1603 381 1646 ne
412 1589 488 1647 volt:
521 1583 576 1666 qui
609 1585 775 1667 praetereo
809 1581 908 1646 multo
941 1581 1033 1666 pluro
1065 1581 1219 1647 ePleuto
1241 1581 1387 1664 exemplo

248 1695 378 1757 enotare
410 1695 546 1777 poterut.
601 1692 714 1777 Neque
745 1692 823 1756 odeo
855 1691 1043 1757 incredibile
1076 1696 1124 1756 est
1156 1692 1278 1777 aliquot
1308 1690 1388 1756 locis

247 1803 428 1868 breviorem
450 1803 587 1870 formam
608 1803 811 1868 obscuratam
834 1824 902 1867 esse
923 1801 958 1866 in
979 1802 1069 1868 libris
1091 1825 1179 1886 mss,
1203 1805 1240 1866 ut
1267 1801 1387 1866 lectum

251 1935 319 1977 esse
341 1913 469 1998 Epidioi
491 1913 517 1998 Ι,
545 1915 573 1997 1,
596 1913 639 1977 40
660 1911 767 1997 paullo
791 1916 865 1977 onte
888 1913 1035 1978 vidimus.
1081 1913 1279 1998 Quamquam
1302 1911 1388 1976 enim

246 2023 413 2088 fotendum
446 2029 495 2090 est
517 2027 636 2088 eertum
659 2045 805 2088 caussam
828 2022 877 2087 vel
903 2023 1043 2107 aliquam
1065 2023 1311 2109 argumentandi
1333 2044 1388 2086 ne-

248 2135 429 2200 nessitatem
451 2135 486 2199 in
509 2137 659 2219 promptu
681 2154 747 2196 non
771 2155 849 2218 esse,
873 2155 929 2198 our
951 2133 1002 2198 vel
1015 2133 1202 2199 Aulularise
1224 2133 1268 2217 Π,
1294 2136 1322 2218 1,
1346 2133 1388 2200 39

248 2247 326 2310 Num
342 2254 425 2311 nevis
438 2267 485 2311 me
500 2249 694 2323 inte'rroffore
716 2245 966 2309 te—scributur
988 2266 1046 2329 pro
1070 2249 1148 2309 Num
1171 2265 1231 2309 non
1254 2251 1314 2328 νέες
1337 2244 1389 2309 vel

248 2355 375 2439 Epidici
387 2354 444 2436 IV,
468 2355 498 2438 2,
525 2356 564 2419 15
587 2357 622 2418 Si
640 2361 747 2420 nevolt.
771 2359 907 2434 equidem
929 2358 988 2420 tete
1010 2362 1105 2420 inuito
1130 2392 1166 2402 -
1191 2375 1249 2438 pro
1271 2356 1390 2420 Sinon

251 2473 312 2530 volt
327 2464 396 2549 (ubi
407 2467 516 2528 tamen
529 2463 709 2530 Bothisnae
727 2467 895 2529 mutationi
916 2465 1005 2529 fovet
1016 2467 1152 2550 proximi
1163 2485 1271 2530 versus
1287 2463 1391 2529 exitus

248 2583 277 2640 si
290 2575 419 2660 nevolt);
442 2574 492 2638 vel
509 2583 581 2653 quot
593 2584 692 2640 nevolt
702 2576 838 2642 Casinus
853 2597 947 2640 versu
960 2574 1019 2658 lll,
1036 2577 1067 2660 5,
1083 2577 1125 2642 56
1140 2597 1236 2660 supro
1251 2577 1389 2639 uacuo

250 2689 270 2765 ξ
296 2685 351 2768 163
374 2685 425 2749 vel
447 2683 533 2749 Men.
558 2684 598 2769 V,
622 2685 653 2769 2,
677 2688 717 2752 37
741 2686 831 2772 (788)
855 2689 924 2750 Nee
943 2694 1040 2771 neves3
1062 2686 1111 2751 vel
1134 2685 1202 2749 Mil.
1225 2685 1285 2762 Ill,
1304 2687 1331 2767 1,
1349 2683 1389 2748 88

251 2796 341 2881 (682)
368 2798 448 2871 (luet
469 2802 566 2860 nevis:
599 2798 707 2861 tamen
739 2796 786 2860 itu
816 2796 1003 2880 plerumque
1030 2795 1137 2880 paullo
1160 2795 1209 2858 vel
1230 2794 1391 2859 molliores

249 2906 299 2970 vel
331 2905 551 2971 concinniores
584 2906 652 2970 fieri
681 2927 830 2970 numeros
854 2907 1065 2974 concedimus.
1109 2905 1230 2971 Verum
1252 2904 1391 2989 longos

250 3037 324 3080 uero
347 3018 458 3080 nostro
481 3017 640 3080 sente-ulia
664 3016 865 3099 aberrarunt,
901 3016 955 3100 qui
978 3015 1073 3080 etiam
1095 3014 1222 3099 Epidioi
1244 3014 1271 3094 Ι,
1298 3016 1326 3097 1,
1349 3014 1390 3078 67

251 3134 349 3192 neoolt
382 3125 617 3190 substituerunt
648 3147 706 3210 pro
738 3147 796 3190 non
819 3133 894 3208 volt,
933 3125 987 3189 ubi
1010 3124 1169 3210 legitimos
1192 3124 1391 3209 septenarios

250 3237 330 3300 tales
345 3235 580 3319 ,recuperabisz
629 3215 670 3301 llo
703 3247 859 3302 venturust
889 3237 980 3315 elisus.
1016 3239 1076 3298 ΕΡ,
1100 3241 1203 3315 ipsus?
1231 3235 1305 3314 quta
1325 3240 1391 3298 ito?

253 3350 317 3411 PH.
341 3352 456 3411 dicum:
479 3346 550 3424 quta
571 3358 689 3426 putrem
705 3347 797 3410 Prius
818 3369 849 3410 se
870 3347 1029 3410 conuenire
1050 3365 1110 3410 non
1132 3353 1193 3410 volt
1214 3348 1311 3424 neque
1325 3365 1391 3408 eum

251 3459 469 3536 conspuerer,
495 3459 588 3530 Quom
610 3463 644 3520 ut
665 3467 834 3535 eruentem,
859 3461 941 3537 quot
961 3462 1085 3522 detetur
1095 3459 1154 3536 pro'
1170 3463 1235 3534 uta,
1259 3461 1391 3519 dinume-

251 3569 374 3632 reverit.
384 3570 434 3649 **)
460 3602 497 3613 -
531 3567 701 3631 Praetereo
728 3567 857 3631 tertiam
887 3570 1014 3651 praeter
1035 3574 1118 3632 nevis
1137 3573 1235 3632 nevolt
1256 3565 1392 3630 formem

318 3797 343 3863 ⁸)
363 3799 421 3854 niet
438 3815 495 3853 non
515 3799 557 3854 oie
574 3795 661 3850 huben
677 3795 750 3849 Men.
768 3795 801 3862 V,
820 3803 848 3864 2,
868 3803 900 3852 37
919 3799 1001 3864 (788),
1021 3800 1078 3854 niet
1098 3800 1176 3868 sorte
1195 3801 1256 3866 tuse
1275 3817 1331 3856 uon
1351 3802 1392 3856 uis

253 3889 331 3958 sapt.
351 3889 385 3954 11,
403 3895 427 3954 2,
445 3895 478 3943 59
496 3891 580 3958 (309);
600 3893 657 3948 niet
675 3893 753 3948 uene
772 3889 849 3944 Cure.
869 3890 889 3956 Ι,
909 3895 932 3957 1,
951 3895 997 3956 82,
1022 3893 1081 3947 nisi
1097 3898 1127 3947 tu
1146 3894 1225 3949 nevis
1242 3890 1324 3945 Most.
1344 3891 1392 3958 111,

252 3987 277 4048 s,
295 3987 328 4037 es
346 3985 416 4048 (ese)
435 3983 465 4035 et
482 3981 557 4037 urin.
577 3982 610 4048 v,
629 3989 653 4049 e,
671 3989 703 4036 se
722 3985 818 4052 (11⁶6).

319 4075 360 4142 **)
380 4083 520 4132 uenturus
538 4084 582 4133 est
599 4079 688 4144 ipsus.
706 4077 759 4134 Ee.
778 4079 847 4145 quid
862 4081 902 4134 ita
919 4075 1018 4131 Vetus:
1041 4094 1105 4132 mox
1124 4094 1212 4146 neque
1230 4082 1395 4147 conspicue-t

253 4165 338 4222 idem:
363 4184 433 4236 ques
456 4183 509 4238 ego
532 4169 674 4223 lseunulss
692 4169 786 4237 aliquo
804 4169 962 4224 eonieoturo
980 4169 1096 4240 explevi.
1133 4169 1215 4225 Potui
1237 4169 1322 4224 etiem
1348 4153 1393 4231 Eo

256 4260 490 4336 venturueipsns
506 4269 558 4319 est.
578 4263 633 4320 Ee.
653 4281 718 4318 nom
731 4263 800 4332 quiet
811 4255 869 4320 ito?
892 4263 934 4318 vel
951 4271 1099 4324 venturust
1117 4264 1207 4336 cneus.
1226 4265 1279 4321 Ee.
1298 4268 1393 4328 itone?
1488 4245 1493 4254 ¹

254 4353 322 4428 quid
339 4357 396 4411 tto?
414 4352 470 4408 sliu
488 4355 518 4411 ut
535 4353 671 4418 ominem,
