3300 5102
594 405 640 449 ns
665 403 836 451 resinous
859 403 941 450 rom
963 403 1110 452 uouaur.
1357 383 1420 448 389

279 561 456 639 timonium,
482 559 649 642 quominus
671 557 735 621 iam
751 561 865 641 quarto
887 558 1046 626 sacculos
1069 558 1206 622 lanienis
1228 557 1334 620 factae
1350 575 1417 618 esse

279 669 482 755 argentariae
506 669 686 733 credantur.
720 667 858 732 Tantum
882 669 1080 752 exploratum
1103 671 1162 750 cst,
1185 669 1283 731 fuisse
1306 687 1416 750 argen-

278 782 378 845 tarias
400 781 464 845 iarn
487 805 516 844 a.
533 779 606 863 444,
631 801 692 863 quo
715 801 799 842 anno
822 778 930 843 Livius
952 779 1010 862 IX,
1033 780 1076 842 40
1097 777 1211 842 scribit
1225 775 1418 842 Samnitium

278 905 390 956 accrate
411 903 497 956 scuta
520 897 647 955 damiata·
669 899 915 970 erqerrtorr'arum
938 897 981 954 ad
1001 894 1105 966 soram
1129 893 1298 953 ornandam
1321 893 1417 950 divisa

277 1025 348 1067 esse.
393 1001 553 1068 Nimirum
580 1001 620 1064 ad
648 1000 826 1064 ornandum
855 1001 895 1063 ab
916 1003 1050 1083 utraque
1073 1003 1180 1083 parte:
1209 1020 1341 1082 eamque
1363 1018 1417 1060 no-

277 1113 396 1177 tionem
431 1111 572 1195 apertius
595 1111 692 1174 etiam
725 1110 807 1174 idem
829 1110 938 1174 Livius
960 1109 1080 1192 XXVI,
1107 1111 1144 1173 ll
1166 1109 1221 1188 his
1240 1108 1344 1172 verbis
1366 1129 1417 1170 ex-

276 1223 367 1288 tuIIt:
396 1235 428 1286 at
455 1228 602 1302 extemplo
630 1233 735 1286 roceto
757 1243 913 1301 praecone
940 1227 1081 1286 tabernas
1102 1227 1311 1300 erqerrterr'as,
1341 1239 1418 1298 qaae

276 1341 384 1399 cr'reo
412 1337 516 1410 soram
544 1337 712 1396 Rorreuam
741 1344 850 1412 essent,
883 1339 1004 1396 tressera
1035 1337 1137 1396 antire
1172 1329 1352 1416 (Hannibal
1385 1351 1438 1392 a·

275 1445 338 1510 ota
360 1441 392 1506 h.
417 1464 444 1505 e.
468 1464 531 1505 uno
555 1445 630 1505 uate
654 1441 834 1506 combustas
857 1445 967 1524 amre).

360 1553 563 1618 Revertimur
591 1551 631 1615 ad
653 1551 734 1616 Livii
757 1551 876 1636 XXVI,
899 1553 939 1616 27
963 1553 1076 1636 verba,
1101 1575 1120 1614 a
1142 1550 1270 1614 Dukero
1292 1571 1415 1634 claroque

276 1686 458 1752 perperam,
482 1666 518 1726 ut
540 1685 626 1728 nunc
649 1661 728 1726 satis
751 1685 905 1748 apparere
927 1666 1093 1747 putamus,
1117 1662 1164 1751 ita
1187 1661 1356 1744 explicata,
1381 1663 1416 1723 ut

275 1789 383 1857 septem
412 1780 555 1840 tabernas
583 1777 692 1857 aperte
715 1773 870 1858 distingui
900 1773 940 1838 ab
963 1779 1148 1853 erpeatorr'r's
1170 1771 1265 1839 dieat.
1314 1770 1416 1835 Immo

275 1889 310 1952 in
332 1887 466 1950 candem
488 1883 543 1948 illa
565 1887 690 1968 partem
713 1883 830 1962 valent,
856 1907 893 1948 ac
916 1885 943 1948 si
966 1883 1052 1948 onmi
1076 1887 1183 1946 amota
1205 1881 1415 1966 ambiguitate

276 1999 320 2062 sie
343 1997 480 2081 scriptor
507 1995 631 2060 loeutus
659 1997 757 2059 esset:
787 2001 887 2059 eodem
921 2008 1054 2076 tempore
1076 2001 1282 2074 argentariae,
1312 2003 1340 2056 et
1361 2013 1415 2056 eae

275 2107 353 2188 qaae
376 2129 395 2171 o
418 2127 541 2171 aremem
556 2111 715 2187 praeliare
742 2117 851 2186 septem
874 2111 1069 2171 tabernarum
1091 2125 1198 2169 nemen
1225 2111 1411 2180 terruerant,

274 2231 303 2282 et
330 2241 384 2282 ecc
411 2239 489 2298 qaae
516 2239 596 2280 terrac
618 2238 713 2282 nervae
735 2223 939 2296 reppellantar,
971 2237 1086 2280 arsere.
1131 2214 1176 2278 Vt
1203 2213 1341 2278 breviter
1369 2212 1413 2276 di-

275 2351 393 2413 camus,
417 2335 612 2406 ermenteriae
632 2327 771 2411 positum
794 2338 841 2392 est
864 2349 921 2410 pro
936 2349 990 2392 eae
1005 2333 1212 2410 orperrtorr'rre,
1237 2324 1285 2409 vel
1302 2345 1413 2404 areca·

275 2447 374 2503 tetrice
396 2459 473 2519 qaae
487 2437 626 2521 positum
642 2459 699 2522 pro
714 2459 791 2518 qaae
806 2445 1005 2516 errqeaterr'ee
1019 2437 1069 2502 vel
1085 2458 1142 2522 pro
1158 2457 1237 2516 qaae
1257 2441 1410 2518 tabernae,

274 2572 344 2615 earn
365 2549 482 2633 ipsam·
490 2548 531 2612 ob
554 2569 698 2612 caussam
720 2548 803 2631 quod
826 2570 935 2612 omues
957 2549 1001 2612 ibi
1025 2549 1177 2612 tabernae
1195 2547 1409 2631 argentariae.

274 2661 426 2724 Potuerat
447 2659 590 2744 profecto
612 2658 639 2722 si
661 2657 766 2742 vellet,
790 2661 827 2722 ut
847 2656 906 2721 hes
929 2680 1092 2741 novarum,
1116 2659 1162 2722 lta
1176 2657 1248 2722 illas
1270 2661 1411 2721 veterum

273 2770 447 2853 posteriore
477 2768 691 2854 appellatione
720 2772 752 2831 ct
779 2768 954 2852 simplicius
982 2768 1113 2832 definire
1141 2771 1173 2831 et
1207 2768 1410 2832 concinnius:

273 2879 412 2944 noluisse
440 2880 489 2944 vel
513 2901 550 2944 ex
580 2901 616 2942 eo
644 2884 794 2964 apparet,
829 2880 912 2964 qaod
934 2877 1075 2960 XXVII,
1114 2880 1150 2941 ll
1173 2879 1310 2942 refectas
1343 2901 1411 2942 esse
1501 2883 1504 2890 '

272 2991 350 3054 item
371 3001 480 3071 septem
503 2995 646 3054 tabernas
667 2990 739 3054 illas
762 2989 851 3053 dixit.
897 2989 981 3064 (luas
1004 2986 1131 3074 quidem
1158 2989 1192 3052 in
1214 2989 1320 3072 priore
1341 2988 1410 3052 loco

273 3101 358 3184 ipsas
381 3111 503 3166 veteres
532 3101 572 3163 ab
594 3121 657 3164 uno
679 3122 802 3185 quoque
825 3123 882 3164 sua
904 3103 1018 3184 sponte
1040 3099 1185 3183 intellegi
1208 3099 1350 3182 oportuit
1371 3121 1409 3162 ex

273 3232 427 3274 novarum
448 3209 659 3295 oppositione.
689 3211 825 3276 Exstitit
847 3214 955 3274 tamen
970 3211 1024 3294 qui
1046 3209 1124 3274 illud
1140 3221 1269 3274 aeterum
1292 3229 1410 3273 nomen

272 3322 391 3384 inferre
417 3321 452 3384 in
481 3320 550 3404 ipsa
577 3321 673 3384 verba
704 3321 867 3406 scriptoris
896 3324 1074 3384 conaretur.
1120 3319 1203 3384 Nam
1232 3342 1303 3384 oum
1326 3320 1410 3404 apud

273 3430 395 3496 bivium
423 3431 501 3494 haee
529 3433 669 3496 exstent:
696 3444 805 3512 septem
828 3437 974 3496 tabernae
995 3453 1074 3510 quoe
1089 3445 1197 3511 posteo
1219 3436 1358 3510 quinque,
1381 3443 1410 3493 et

270 3549 469 3621 serpentarico
493 3591 498 3603 .
526 3591 532 3604 .
559 3591 578 3624 .,
602 3541 745 3607 Muretus
767 3541 844 3606 Var.
868 3542 941 3606 leet.
966 3540 1053 3624 XVI,
1077 3543 1096 3604 8
1119 3541 1153 3604 i‘n
1175 3541 1305 3626 antiquo
1327 3540 1408 3604 libro

270 3651 424 3734 seriptum
445 3651 544 3716 fuisse
567 3653 745 3737 suspicatus
768 3657 816 3718 est
831 3675 908 3734 quoe
919 3665 1025 3733 postca
1040 3664 1096 3717 eet.
1114 3665 1142 3716 et
1156 3674 1237 3734 erp,
1261 3650 1407 3716 librarios

271 3764 377 3825 autem
392 3760 503 3825 deletis
519 3760 640 3826 duabus
662 3762 789 3845 lilteris,
813 3787 891 3848 quas
913 3764 1033 3827 trustra
1047 3763 1226 3848 gemmatas
1243 3765 1405 3846 putarent,

270 3871 348 3934 illud
379 3877 404 3934 V
423 3875 533 3936 notam
556 3895 623 3938 esse
645 3875 784 3958 quinarii
807 3875 930 3940 numeri
954 3873 1133 3938 credidisse.
1178 3872 1227 3937 De
1249 3895 1311 3957 qua
1334 3895 1406 3936 con·

270 3980 392 4046 iectura
415 3982 601 4047 clementius
623 3984 786 4067 iudicavit,
810 3985 863 4069 qui
885 3984 972 4049 hune
993 3985 1031 4048 de
1053 3983 1195 4048 tabernis
1210 3981 1314 4046 locum
1336 3983 1405 4046 uni-

271 4113 395 4155 versum
418 4091 590 4178 diligenter
623 4096 777 4192 exposuit,
814 4095 972 4160 Beckerus
995 4095 1105 4180 Antiq.
1123 4093 1214 4158 Rom.
1239 4093 1254 4156 I
1276 4115 1308 4177 p.
1332 4093 1404 4157 297.

271 4201 386 4265 Mirum
409 4225 486 4267 sane
508 4205 607 4268 videri
629 4208 745 4290 potest,
769 4205 851 4290 quod
874 4209 907 4270 et
928 4207 1066 4270 refectae
1089 4227 1156 4270 esse
1178 4206 1310 4288 septem,
1339 4225 1404 4268 non

269 4313 424 4396 quinque,
452 4313 535 4378 libro
558 4313 682 4380 XXVII
705 4316 872 4400 dicuntur,
902 4337 961 4381 nee
989 4316 1118 4380 omnino
1140 4317 1279 4400 quinque
1301 4314 1404 4380 taber·

269 4443 381 4486 narum
412 4446 542 4508 [astaram
570 4428 735 4509 praetcrea
762 4426 827 4490 ulla
850 4428 969 4491 mentio
991 4429 1042 4491 fit:
1071 4449 1144 4491 nam
1167 4427 1243 4490 hino
1264 4425 1404 4490 alienum
