3300 5102
805 1217 903 1334 IX.

383 1420 438 1519 lle
469 1428 685 1544 argumento
716 1425 922 1519 acrosticis
952 1424 1074 1519 llilltis
1104 1423 1318 1544 glorium

235 1814 265 1863 m
368 1798 477 1886 Digna
492 1803 542 1864 est
563 1799 718 1884 profecto,
742 1821 823 1885 quae
838 1803 910 1885 post
931 1799 1081 1865 leviorem
1096 1801 1236 1866 virorum
1259 1802 1425 1866 doctorum

283 1933 414 1996 operam
436 1910 583 1975 subtilius
616 1914 845 1995 pertractetur,
869 1910 1056 1995 neutiquam
1078 1912 1168 1976 exilis
1191 1913 1335 1997 quaestio
1356 1912 1423 1994 illa,

284 2043 365 2106 quae
399 2025 447 2085 est
480 2023 518 2086 de
550 2025 877 2106 argumentorum
900 2019 1105 2086 Plautinis
1137 2021 1289 2087 fabulis
1316 2043 1425 2107 prae·

283 2133 494 2196 missorum
527 2135 632 2196 aetate
662 2135 694 2196 et
716 2123 907 2218 origine.**l
952 2131 1038 2208 Quae
1060 2133 1193 2198 fuerunt
1214 2133 1267 2218 qui
1290 2133 1339 2197 vel
1361 2133 1425 2217 ipsi

284 2240 399 2306 Plauto
422 2242 472 2307 vel
494 2241 634 2307 Varroni
655 2241 707 2306 vel
742 2243 770 2306 si
793 2242 844 2309 cui
867 2242 921 2308 alii
949 2264 988 2306 ex
1011 2243 1243 2328 antiquioribus
1266 2265 1333 2307 non
1355 2241 1424 2307 sine

206 2552 211 2560 .
351 2481 376 2550 *)
412 2479 598 2551 [Prooemium
620 2479 721 2536 Indicis
749 2477 905 2536 scholarum
933 2481 1113 2538 hibernarum
1142 2479 1330 2536 Bonnensinm
1360 2499 1422 2536 ann.

211 2622 215 2630 .
285 2573 505 2630 CIOIOCCCXLI
523 2577 551 2630 et
568 2574 661 2645 XLII]

351 2669 393 2738 ⁸⁴³)
417 2667 492 2738 [Eius
510 2668 693 2738 quaestionis,
717 2668 753 2724 ad
771 2686 854 2737 quarn
871 2669 925 2724 hoe
941 2669 1001 2739 ipso
1018 2669 1162 2740 prooemio
1180 2669 1256 2725 volui
1272 2667 1346 2724 viam
1363 2683 1423 2722 mu·

284 2761 346 2830 uiri,
360 2779 468 2817 summa
480 2761 574 2832 capita
584 2762 681 2832 paucis
694 2763 854 2833 complexus
867 2781 927 2817 sum
940 2763 1161 2834 Prolegomeuon
1172 2782 1199 2834 p.
1216 2761 1344 2818 cccxvi
1353 2779 1424 2832 sqq,

284 2855 332 2911 ubi
352 2857 380 2912 et
397 2855 554 2912 acrosticha
571 2859 737 2926 argumenta
758 2858 788 2912 et
804 2875 860 2912 non
877 2857 1032 2913 acrosticha
1049 2858 1251 2912 Antoninorum
1270 2857 1357 2911 aetati
1373 2857 1424 2910 tri·

284 2951 332 3005 bui
350 2968 401 3006 nec
423 2949 603 3020 improbabili
625 2952 658 3004 ut
677 2953 746 3021 puto
768 2949 927 3006 coniectura
948 2951 1086 3021 posterius
1109 2968 1197 3021 genus
1218 2951 1254 3007 ad
1273 2949 1423 3020 Sulpicium

284 3044 473 3116 Apollinarem
491 3044 594 3099 rettuli.
619 3045 659 3098 Ac
678 3044 712 3098 de
729 3044 772 3098 liis
790 3044 901 3112 quidem
918 3061 1000 3100 nemo
1019 3045 1094 3115 quod
1110 3045 1196 3099 sciam
1214 3051 1310 3100 contra
1327 3043 1423 3109 sensit;

285 3138 503 3194 acrostichornm
515 3139 609 3192 autem
620 3155 677 3192 nou
689 3139 812 3192 aetatem
824 3140 933 3193 tanturn
945 3139 1029 3209 longe
1041 3138 1227 3208 antiquiorem
1239 3139 1367 3209 probare,
1376 3137 1426 3191 sed

282 3233 375 3303 ipsum
394 3231 558 3302 scriptorem
580 3233 736 3286 monstrare
753 3247 834 3301 posse
856 3233 1029 3288 Aurelium
1046 3231 1124 3288 illurn
1143 3232 1306 3303 Opillium
1330 3233 1431 3308 (quem.

284 3343 333 3380 suo
356 3326 469 3381 invento
492 3327 650 3383 Aurellium
674 3324 782 3394 scribit)
805 3325 931 3381 Osannus
952 3325 1005 3380 sibi
1027 3327 1101 3381 visus
1123 3328 1166 3381 est
1189 3326 1219 3380 in
1236 3325 1349 3380 Diurnis
1375 3341 1424 3379 an-

284 3421 333 3489 tiq.
358 3420 430 3474 stud.
454 3436 479 3474 a.
501 3425 565 3473 1849
591 3436 618 3488 p.
641 3425 688 3474 193
711 3436 784 3488 sqq:
815 3419 891 3475 cuius
911 3419 1007 3474 iudicii
1028 3421 1116 3492 priori
1137 3420 1237 3474 saltem
1264 3418 1340 3490 parti
1363 3436 1425 3472 curn

285 3513 332 3568 alii
350 3512 525 3568 accesserunt
541 3513 601 3565 tum
618 3511 810 3567 Fleckeisenus
828 3531 905 3568 mens
922 3513 1071 3569 Annalium
1089 3530 1200 3568 suormn
1212 3515 1232 3566 t.
1246 3519 1279 3568 93
1298 3513 1332 3580 (a.
1349 3517 1425 3604 1866)

283 3624 311 3676 p.
326 3614 349 3662 9.
379 3607 471 3660 Meam
488 3609 582 3661 autem
595 3604 812 3676 disputationem
829 3607 907 3662 illam
925 3625 987 3662 curn
1005 3607 1088 3662 hodic
1105 3608 1267 3678 intellegam
1284 3623 1350 3662 sane
1368 3620 1426 3660 non

284 3700 325 3753 ita
341 3699 408 3754 satis
426 3701 526 3767 lacere,
544 3699 611 3770 quin
629 3700 706 3754 novis
724 3701 796 3755 curis
813 3701 964 3756 retexenda
980 3701 1110 3756 videatur
1121 3703 1150 3755 et
1167 3703 1311 3770 tamquam
1330 3700 1364 3754 dc
1382 3700 1425 3754 in-

284 3795 365 3863 tegro
383 3793 553 3849 instituenda
571 3794 610 3863 (id
629 3795 702 3863 quod
719 3811 771 3865 per
789 3794 869 3849 huius
887 3795 941 3849 loci
959 3794 1102 3865 angustias
1124 3794 1185 3849 fieri
1201 3813 1257 3851 non
1275 3811 1356 3865 posse
1374 3811 1424 3865 ap·

284 3888 385 3957 paret),
404 3887 498 3942 tamen
516 3887 643 3943 Osannus
662 3889 773 3957 quidem
790 3888 953 3944 incredibile
972 3888 1047 3943 dictu
1066 3890 1108 3944 est
1126 3893 1259 3958 quantam
1278 3888 1351 3944 etin
1368 3904 1426 3942 me·

284 3980 354 4034 trico
381 3997 484 4049 genere
508 3981 634 4037 universo
656 3983 714 4037 sive
737 3981 907 4052 imperitiam
928 3981 986 4037 eive
1003 3982 1146 4051 ignaviam
1164 3984 1193 4037 et
1209 3981 1237 4036 iu
1256 3981 1425 4050 antiquitate

284 4073 395 4141 linguae
412 4073 561 4129 iudicanda
578 4076 767 4145 ignorantiam
785 4077 815 4131 et
832 4076 861 4130 in
879 4075 993 4147 singulis
1016 4075 1195 4131 discutiendis
1212 4074 1425 4145 incogitantiam

168 4223 170 4228 ,
284 4165 451 4234 prodiderit:
475 4187 490 4223 e
510 4169 585 4222 cuius
603 4170 728 4240 exemplo
747 4170 791 4224 vel
808 4169 848 4223 illi
866 4170 970 4225 discere
988 4170 1076 4225 multa
1093 4170 1265 4238 multumque
1283 4172 1425 4240 poterunt,

285 4259 332 4326 qui
351 4261 466 4314 cuiusvis
489 4261 617 4317 licentiae
641 4263 854 4330 emaculandae,
882 4263 999 4318 cuiusvis
1025 4264 1095 4318 adeo
1118 4263 1248 4318 scabritie
1265 4263 1425 4334 palpandae

283 4352 367 4408 hodic
391 4372 518 4410 suasores
542 4355 710 4412 exstiterunt
736 4358 873 4432 ducesque
896 4361 925 4412 et
942 4357 1092 4428 magistros
1109 4375 1169 4412 sese
1187 4357 1285 4412 haberi
1303 4357 1424 4412 student.

286 4444 368 4500 Velut
380 4447 441 4515 quis
453 4466 508 4503 non
522 4449 674 4504 demiretur
687 4452 847 4510 Pseudolus
860 4453 978 4507 somnam
995 4467 1047 4523 pro
1060 4469 1094 4507 ea
1111 4469 1182 4520 quac
1202 4453 1275 4506 esset
1294 4453 1425 4510 Pseudu-
