3302 5096
609 371 827 433 vnumoovrs
849 371 1036 419 susumus.
1328 351 1390 416 431

254 527 307 590 rix
329 549 428 592 unum
451 529 547 611 atquc
569 526 706 590 alterum
733 525 939 591 ratiocinatio
966 527 1076 588 nostra
1103 522 1260 608 reliquum
1281 522 1391 586 faciet.

252 636 355 712 Quam
378 637 514 702 exordiri
537 637 577 701 ab
599 645 796 718 exportando
817 635 1019 702 substantivo
1033 633 1188 717 volumus,
1212 653 1274 718 qua
1289 631 1392 696 forma

253 746 375 812 adscita
410 748 534 812 duobus
562 747 682 832 Amph.
713 747 778 831 ΠΙ,
801 749 840 830 3,
867 748 906 812 10
935 744 1020 833 [965]
1055 748 1087 809 et
1114 745 1219 809 Mero·
1242 743 1283 827 V,
1306 744 1342 827 3,
1370 744 1392 806 4

202 855 205 870 '
254 854 339 944 [960]
363 859 506 922 versibus
536 859 738 923 concinnitas
766 879 969 922 numerorum
995 855 1084 921 nullo
1111 855 1161 920 vel
1188 855 1320 940 negotio
1341 853 1392 918 vel

252 967 387 1032 artificio
402 968 555 1051 redditur,
578 991 674 1053 quarn
696 973 732 1033 ut
753 969 1031 1057 redipiseerentnr‚
1054 966 1122 1031 illic
1144 979 1176 1032 ot
1197 964 1389 1050 particulam
1406 977 1437 1027 lx

251 1079 496 1162 praemiserunt,
512 1078 565 1143 hic
581 1093 614 1144 ot
627 1079 663 1144 in
678 1091 726 1146 ast
740 1079 875 1144 formam
891 1081 1058 1144 mutarunt
1073 1076 1211 1142 alienam
1226 1100 1245 1141 a
1260 1075 1390 1140 Plauto:

378 1221 481 1280 thui
503 1221 777 1299 expurigationem:
801 1222 881 1280 stota
903 1241 961 1296 pax
983 1223 1037 1280 cst.
1080 1215 1263 1295 ‘Optumcst

378 1301 430 1366 'At
452 1324 508 1383 ego
531 1307 790 1384 expurigdtionem
811 1305 945 1380 habichs,
969 1309 1003 1364 ut
1025 1326 1062 1363 ne
1083 1309 1263 1366 suscenseat.

251 1436 326 1502 Non
348 1436 454 1502 minus
477 1438 655 1502 evidentiae
677 1444 865 1518 expuripore
891 1436 980 1502 verbi
1007 1436 1153 1520 exempla
1180 1435 1241 1500 duo
1269 1435 1391 1500 habent
1430 1421 1433 1426 ¹

252 1570 333 1632 quae
361 1548 498 1612 suntin
525 1547 629 1612 Milite
659 1547 798 1633 glorioso
825 1571 854 1612 v.
877 1547 939 1612 497
963 1551 996 1612 et
1016 1547 1090 1612 517.
1134 1545 1178 1610 Et
1205 1547 1390 1630 posterioris

252 1659 380 1742 quidem
402 1658 537 1743 simplex
558 1659 720 1724 restitutio
742 1663 806 1724 est:
855 1687 858 1694 ⁴

379 1801 427 1860 Me
450 1801 626 1879 expurigare
647 1801 720 1860 haec
741 1801 798 1858 tibi
820 1800 941 1858 videtur
963 1800 1102 1877 aequius:

251 1932 306 1997 ubi
330 1938 404 1997 Mod
422 1954 600 2013 expurpore
621 1930 766 1996 Bothius.
803 1931 842 1995 In
864 1932 969 2016 priore
992 1934 1110 2015 autem,
1133 1931 1187 2015 qui
1209 1930 1262 1996 hic
1284 1931 1388 1996 estin

250 2041 357 2108 libris:
381 2047 458 2109 Sca.
484 2049 673 2124 Expurqarc
700 2050 766 2109 volo
787 2063 841 2107 me.
869 2049 951 2108 PER.
977 2055 1049 2108 tune
1071 2053 1100 2108 te
1125 2063 1278 2123 exporpes
1305 2049 1386 2121 mihi,

251 2175 324 2218 eum
346 2155 459 2220 vitiosa
481 2155 664 2239 oxytonesis
685 2153 950 2240 primi‘vocabuli
973 2152 1193 2218 violentiorem
1214 2154 1389 2238 transposi-

251 2264 371 2330 tionem
410 2272 485 2332 Volo
512 2287 559 2330 me
589 2287 767 2347 exparpore
797 2265 957 2349 requirere
989 2266 1058 2329 visa
1084 2268 1182 2348 esset,
1216 2285 1304 2330 nuno
1331 2287 1388 2329 sua

250 2379 364 2460 sponte
387 2380 521 2460 apparet
542 2399 609 2441 non
629 2379 754 2441 mutato
777 2377 886 2441 ordine
910 2375 1076 2440 verborum
1090 2398 1203 2440 senum
1219 2379 1252 2439 et
1265 2374 1388 2440 salvum

249 2485 368 2550 senarii
396 2487 591 2572 principium
618 2486 745 2571 prodire
773 2488 972 2566 Expdriyore
999 2489 1065 2552 volo
1091 2508 1147 2551 me.
1192 2484 1285 2551 Vnde
1315 2476 1387 2551 con-

249 2618 384 2682 sequens
405 2600 454 2662 est
476 2597 619 2681 profecto
641 2602 678 2661 ut
693 2596 833 2662 eiusdem
847 2597 988 2662 notionis
1003 2598 1114 2662 eadem
1128 2597 1232 2662 forma
1248 2597 1388 2662 Sceledri

248 2708 354 2772 verbis
374 2709 571 2793 respondens
586 2707 863 2792 Periplecomenus
878 2711 988 2772 utatur
1003 2720 1054 2773 tun
1070 2719 1099 2773 te
1113 2714 1303 2788 expuripes?
1324 2731 1386 2793 quo

248 2817 285 2881 fit
312 2821 348 2882 nt
374 2817 530 2883 redundet
556 2823 631 2884 milri
660 2840 847 2903 pronomen.
908 2818 1015 2902 Atque
1044 2817 1077 2881 id
1103 2818 1208 2903 ipsum
1235 2818 1386 2883 Plautina

248 2930 524 3013 exsequendorum
546 2951 769 3015 responsorum
792 2929 994 2994 concinnitas
1018 2927 1154 3013 (quando
1174 2949 1241 2992 non
1262 2927 1386 2993 dixerat

248 3038 414 3104 Sceledrus
437 3048 625 3120 expuripore
646 3045 769 3105 metiti
789 3041 869 3125 volo)
896 3040 944 3104 ita
966 3040 1098 3124 respuit,
1127 3042 1163 3103 ut
1191 3061 1257 3104 non
1285 3041 1386 3124 possit

246 3171 312 3214 non
327 3150 503 3215 insiticium
517 3150 628 3235 rideri,
652 3151 770 3236 quippe
791 3154 860 3215 tum
883 3151 1009 3215 demum
1030 3149 1189 3214 adiectum
1211 3152 1384 3216 resarcien-

247 3259 359 3325 dornm
373 3260 522 3326 videlicet
543 3283 748 3326 numerorum
771 3283 893 3345 caussa,
918 3283 989 3326 cum
1010 3261 1075 3326 iem
1096 3262 1309 3346 inrepsissent
1330 3285 1381 3328 cc-

240 3393 381 3450 puryare
403 3375 435 3436 et
455 3393 609 3452 esperare
629 3373 761 3438 formae.
807 3373 935 3438 Certum
959 3394 1026 3437 esse
1047 3377 1197 3458 putamus
1219 3375 1383 3459 scripsisse

245 3480 396 3548 Plautum

373 3599 444 3660 Sos.
473 3599 661 3678 Expdrigare
683 3601 752 3661 vdlo
774 3621 830 3660 mc.
874 3601 950 3660 Pan.
980 3605 1035 3661 tun
1056 3604 1087 3660 tc
1109 3563 1288 3680 exparigos'?

244 3701 399 3778 Quintum
421 3703 472 3770 his
495 3705 674 3790 exemplum
697 3707 820 3772 accedit
842 3728 859 3770 e
882 3705 1087 3791 Captivorum
1108 3729 1201 3773 versu
1215 3707 1274 3791 III,
1290 3709 1322 3792 4,
1340 3710 1381 3773 88

245 3810 348 3904 [620],
379 3816 426 3880 sic
448 3817 568 3901 scripto
590 3817 624 3880 in
647 3816 764 3882 Vetere
788 3819 820 3882 et
843 3817 956 3882 ceteris
977 3816 1136 3902 plerisque
1157 3823 1220 3883 Sed
1239 3825 1296 3884 too
1312 3826 1379 3900 pri-

243 3945 321 3990 mam
348 3947 395 3991 me
416 3948 594 4007 expurporc
621 3931 677 3993 trba·
703 3935 786 4012 volo,
815 3951 862 3993 me
889 3936 1209 4014 taruennicus,
1238 3930 1284 3994 sic
1307 3952 1379 3995 con-

243 4035 380 4101 fidenter
401 4037 570 4102 scribendo
592 4039 711 4103 reiecta
733 4039 859 4104 novicia
879 4046 949 4105 med
967 4041 1085 4105 forma:

286 4169 346 4229 de
368 4171 498 4246 primum
520 4171 577 4231 hoc
598 4193 645 4231 me
668 4173 845 4251 expdrigare
866 4173 924 4233 tibi
947 4175 1030 4248 vole,
1054 4195 1101 4233 mc
1123 4173 1269 4234 insaniam
1285 4209 1335 4234 —.

244 4288 327 4376 [an
349 4313 436 4358 nunc
458 4292 638 4359 addendum
652 4303 862 4376 perporioare
875 4297 1004 4360 verbnm
1018 4296 1216 4360 Fleckeiseni
1232 4298 1378 4362 acumine

241 4406 464 4484 recuperatum
483 4403 599 4488 (Musei
616 4405 722 4472 Rhen.
751 4410 775 4471 t.
789 4407 867 4472 XIV
882 4430 914 4491 p.
928 4407 1005 4494 633)
1026 4408 1141 4472 Militis
1161 4408 1241 4493 glor.
1254 4431 1284 4474 v.
1299 4409 1376 4474 774:
