3300 5102
660 339 813 390 ¹nrmrrs
837 339 1013 389 anomoei.
1354 319 1417 383 409

277 516 342 560 uon
371 493 550 560 acrosticha
578 494 665 559 lacta
693 497 784 578 sunt,
816 492 1072 558 constantissime
1099 491 1155 555 illa
1183 513 1239 576 per
1262 490 1417 558 ricduberc

276 605 468 670 incedentia.
512 605 624 690 Itaque
646 619 674 670 ct
697 605 889 690 particulam
906 602 1041 668 Bothius
1057 625 1180 688 quoque
1202 601 1278 666 olim
1299 600 1415 683 tenuit,

279 715 324 781 sic
346 716 451 782 versui
475 717 638 781 consulere
661 717 722 782 sibi
744 715 845 781 visus:

467 860 570 920 serviis
593 879 680 919 suum
702 861 824 919 arcessit
845 858 951 917 borum
972 856 1100 916 Athenis
1123 858 1154 915 at
1175 855 1264 930 foreat,

276 1011 336 1054 nee
358 991 547 1054 accentuum
569 991 727 1074 pravitate
749 990 851 1054 vitata
873 992 905 1054 et
927 987 1144 1052 inficetissime
1166 986 1340 1070 praemisso
1355 1009 1416 1052 ser-

277 1121 337 1164 rae.
366 1099 456 1175 Quod
471 1100 598 1184 quidem
612 1101 766 1184 sentiens,
790 1104 827 1165 ut
843 1101 975 1182 videtur,
999 1097 1148 1162 licentius
1171 1097 1268 1162 etiam
1290 1097 1417 1162 libidini

276 1233 378 1296 nuper
399 1210 548 1296 indulsit,
571 1234 613 1276 ne
635 1212 756 1276 monito
777 1211 905 1298 quidem
935 1211 1053 1276 lectore
1075 1209 1122 1274 sic
1143 1208 1290 1274 omnibus
1312 1212 1416 1272 trans-

277 1322 390 1406 positis
414 1325 446 1386 et
467 1322 641 1407 perversis:

466 1465 518 1523 scd
540 1467 627 1524 suum
649 1465 754 1524 herum
776 1465 903 1525 Athenis
926 1468 1028 1525 servus
1057 1465 1187 1536 arcessit,
1212 1463 1291 1522 forat
1312 1494 1363 1521 -.
1430 1487 1431 1492 ¹

276 1595 378 1660 Multo
401 1599 508 1660 autern
530 1617 588 1660 nos
611 1599 643 1659 et
665 1596 840 1681 simplicius
863 1599 896 1660 et
917 1594 1114 1680 probabilius
1129 1594 1175 1657 ita
1197 1593 1417 1677 redintegrare

161 1729 165 1741 ·
275 1729 367 1791 posse
389 1707 499 1770 luxata
522 1706 664 1771 codicum
686 1707 784 1770 verba
805 1706 897 1770 nobis
913 1706 1065 1788 videmur,
1089 1708 1125 1768 ut
1147 1704 1313 1788 revocatis,
1338 1726 1419 1788 quae

276 1819 474 1901 evanuerint,
497 1816 614 1881 litteris
637 1816 826 1900 quibusdam
849 1817 1019 1901 pristinam
1041 1815 1231 1899 scripturam
1258 1813 1343 1879 hanc
1365 1837 1419 1899 po-

277 1951 407 1993 namus:
433 1926 573 2019 [slcrprus
587 1927 754 2018 dcundum
764 1952 770 1990 :
782 1927 866 1992 unde
882 1931 1046 2012 tamquam
1061 1924 1254 1991 necessitate
1270 1926 1417 2010 quadarn,

275 2061 441 2124 perperam
474 2038 600 2123 quidem
635 2039 814 2103 coniunctis
847 2061 927 2124 quae
960 2037 1045 2102 solae
1070 2036 1216 2101 residuae
1238 2040 1345 2100 essent
1368 2036 1418 2100 lit·
1499 2017 1511 2030 ’

275 2151 362 2229 teris,
385 2172 469 2215 erum
491 2151 592 2214 fieret.
637 2149 733 2215 Hanc
755 2149 841 2213 enim
862 2149 1009 2232 formam,
1034 2154 1222 2231 nanterus,
1245 2147 1322 2212 boni
1344 2146 1419 2211 libri

276 2258 417 2324 Plautini
439 2260 539 2325 solam
561 2264 690 2326 norunt.

360 2371 479 2446 Quodsi
503 2371 542 2435 ad
565 2372 724 2456 proximos
746 2393 855 2435 versus
880 2370 1116 2456 progredimur,
1139 2370 1199 2434 hoc
1221 2369 1348 2454 quidem
1369 2369 1415 2433 fa·
1435 2384 1461 2435 vr

277 2480 337 2544 cile
360 2482 527 2564 sentimus,
550 2504 615 2546 non
638 2487 705 2546 tam
728 2483 906 2567 exspectari
923 2482 1012 2565 illud,
1036 2484 1072 2544 ut
1094 2480 1191 2545 clam
1214 2479 1419 2564 perfossus

279 2613 348 2656 esse
370 2581 475 2676 panes
498 2592 639 2675 dicatur,
674 2615 735 2676 quo
758 2593 927 2672 conuenire
950 2592 1132 2656 amantibus
1166 2591 1294 2674 liceret,
1325 2611 1419 2675 quam

273 2698 334 2766 hoc
356 2702 479 2786 potius,
509 2703 657 2766 utillum
691 2703 856 2768 audiamus
884 2703 1081 2786 perforatum
1104 2723 1188 2785 esse,
1224 2722 1286 2786 quo
1320 2700 1419 2765 clam

276 2813 497 2878 convenire
518 2817 660 2898 possent.
695 2813 801 2898 Atque
824 2815 870 2878 ita
894 2835 964 2878 crun
981 2813 1014 2878 in
1031 2814 1131 2878 altero
1147 2815 1336 2900 argumento
1354 2814 1418 2877 est:

829 2956 960 3014 medium
982 2956 1128 3031 ptrictem

475 3041 607 3116 pcrfddit
629 3061 740 3114 servus,
764 3041 944 3100 cdmmcatus
969 3041 1136 3100 clinculum

475 3145 535 3202 qua
557 3126 633 3184 fdret
661 3129 828 3186 amantum:

273 3257 340 3319 tum
363 3257 398 3320 in
420 3256 491 3340 ipsa
511 3255 624 3321 fabula
646 3257 688 3340 II,
709 3260 737 3340 l,
754 3257 810 3323 65:

475 3397 506 3456 in
529 3398 562 3456 cd
586 3399 720 3456 conclavi
736 3431 749 3443 -
772 3403 827 3476 ego
850 3398 968 3474 perfodi
991 3395 1181 3475 ptrictem,*)

475 3501 535 3558 qua
557 3483 737 3543 cdmmeatus
761 3485 837 3543 clam
861 3487 938 3544 essct
959 3485 1028 3543 hinc
1049 3484 1107 3544 huc
1128 3484 1256 3542 midicri.

272 3609 344 3678 Huc
366 3613 430 3676 iam
453 3613 578 3678 accedit
599 3614 683 3698 quod
705 3621 783 3679 clam
806 3615 963 3698 particula
987 3638 1015 3680 v.
1040 3615 1059 3679 6
1081 3616 1117 3679 in
1140 3615 1206 3679 solo
1222 3613 1338 3680 Vetere
1361 3638 1411 3680 er-

272 3724 347 3805 stat,
371 3721 404 3786 id
420 3727 526 3788 autem
542 3724 623 3809 quod
640 3724 754 3810 reliqui
769 3725 844 3788 libri
858 3726 1025 3809 praebent,
1050 3747 1115 3789 non
1131 3726 1177 3788 ita
1194 3730 1413 3809 comparatum

272 3835 330 3916 est,
355 3835 391 3897 ut
413 3855 450 3896 ex
473 3833 529 3897 illa
551 3835 652 3918 possit
674 3839 780 3900 ortum
803 3835 910 3900 videri.
956 3835 1014 3901 Sat
1036 3835 1120 3899 enim
1143 3837 1285 3900 notabile
1308 3840 1357 3901 est
1379 3838 1413 3901 in

751 3935 766 3961 a
1046 3934 1109 3961 suum

271 3967 445 4033 Decurtato
460 3987 519 4052 pro
533 3977 612 4035 clam
628 3971 690 4055 legi
707 3980 811 4063 selem,
829 3972 863 4036 in
879 3972 1015 4037 Etrusco
1035 3980 1148 4038 scium:
1172 3970 1266 4056 atque
1282 3972 1411 4056 hinc**)

271 4109 343 4118 ——.
357 4112 438 4118 —...-.-
459 4112 471 4118 -

337 4190 361 4256 ³³)
381 4188 475 4259 [immo
495 4189 552 4245 sine
570 4189 649 4245 hiatu
668 4197 698 4248 in
715 4195 748 4250 cc'
767 4195 896 4272 conclavi
912 4213 961 4264 epe
976 4195 1124 4264 perfodiri
1136 4193 1298 4264 parictem]

336 4283 376 4351 **)
402 4283 437 4352 [h.
458 4300 480 4336 c.
501 4299 534 4338 ex
551 4283 643 4338 Vrsini
661 4285 755 4354 potius
774 4287 876 4354 codice,
896 4288 924 4342 in
943 4303 997 4355 quo
1015 4288 1083 4340 item
1101 4285 1233 4356 scriptum
1252 4291 1296 4341 est
1313 4293 1410 4347 scium.

269 4373 450 4446 Omninoque,
469 4377 601 4448 quoniam
613 4395 680 4432 casu
691 4379 794 4440 factum
812 4381 854 4438 cst
873 4381 947 4436 utin
966 4381 1086 4444 editione
1104 4380 1200 4434 Militis
1218 4381 1333 4452 gloriosi
1350 4383 1412 4452 ipsa
