3264 5082
230 341 273 406 52
498 343 590 404 dana
619 357 681 403 mn
702 357 827 404 xmmn
849 355 915 404 nas
938 355 1105 405 rasurus.

232 509 294 574 den
327 509 575 575 verschiedencn
608 509 850 594 Erginzungen
884 509 940 573 der
974 508 1158 591 Aulularia,
1195 507 1373 575 saracenus

232 620 412 684 ausserdcm
447 640 520 684 vom
549 619 667 704 Prolog
701 620 756 684 des
786 619 960 683 Pseudolus
989 618 1168 684 Kenntniss
1204 619 1273 684 hat.
1328 619 1374 684 Zu

232 729 351 814 Amph.
380 728 438 812 IV,
461 730 496 806 3,
522 733 538 792 1
572 729 717 794 hemerkt
738 728 849 795 Valla:
887 728 995 794 ‘Inter
1021 730 1216 813 superiorem
1244 751 1372 795 scenam

232 843 265 904 ct
290 840 375 904 hane
402 839 492 904 deest
517 843 554 903 ut
582 839 763 924 amphitryo
791 843 823 904 et
850 839 968 923 iupiter
995 860 1028 902 se
1050 839 1188 904 invicem
1209 862 1268 924 pro
1290 863 1373 905 moe-

233 949 300 1014 chis
327 949 464 1032 habent,
500 953 598 1035 utque
625 949 779 1034 blepharo
813 949 975 1014 adhibitus
1003 949 1134 1014 arbiter.
1190 972 1373 1035 quanquam

231 1059 379 1125 nonnulli
415 1059 551 1124 nimium
585 1059 788 1143 impudenter
825 1063 858 1123 et
893 1059 1003 1142 inepte
1038 1061 1276 1125 commenticios
1306 1062 1373 1126 ausi

232 1173 307 1235 sunt
335 1191 496 1235 sermones
526 1170 682 1251 inserere,
716 1191 782 1234 non
812 1169 928 1234 saltem
957 1191 1067 1234 versus
1078 1220 1087 1254 ‚
1122 1169 1176 1234 sed
1204 1172 1372 1255 nequidem

232 1281 329 1344 etiam
350 1280 487 1344 latinam
509 1281 687 1344 orationem
709 1301 767 1363 pro
789 1279 946 1363 plautina.
984 1279 1167 1344 redundant
1182 1281 1267 1344 enim
1282 1282 1372 1346 viciis

232 1390 438 1455 barbarismis
454 1392 486 1454 et
500 1389 726 1473 soloecismis’3
749 1388 815 1452 und
830 1387 1023 1454 Saracenus:
1046 1389 1138 1454 ‘Non
1152 1390 1278 1454 inficior
1294 1391 1372 1474 quin

232 1501 317 1564 inter
337 1498 422 1564 hanc
444 1502 477 1564 ct
498 1519 628 1564 scenam
650 1499 845 1584 superiorem
867 1498 930 1563 alia
950 1499 1049 1563 fuerit
1068 1521 1190 1584 quoque
1206 1521 1313 1582 scena,
1336 1500 1371 1564 in

232 1633 294 1695 qua
314 1610 396 1675 iovis
418 1613 451 1674 et
473 1609 712 1694 amphitryonis
736 1609 900 1674 contentio
921 1608 1124 1693 propalatum
1146 1609 1202 1674 sed
1223 1609 1297 1694 quia
1321 1611 1370 1673 in·

233 1722 366 1806 dignum
394 1720 532 1784 arbitror
559 1719 697 1784 advenas
725 1722 757 1784 et
778 1719 965 1804 peregrinos
993 1740 1052 1803 pro
1075 1719 1196 1784 civibus
1217 1720 1372 1804 reputari,

232 1833 349 1896 iccirco
371 1851 480 1895 versus
504 1829 695 1914 complures,
725 1851 803 1914 quos
831 1833 907 1894 ante
935 1829 1128 1893 aeditioncm
1150 1833 1293 1894 nostram
1315 1853 1373 1915 pro

232 1940 391 2004 Plautinis
414 1940 551 2004 insertos
578 1938 730 2004 hocloco
752 1938 903 2021 vidimus,
936 1942 1092 2023 tanquam
1120 1939 1316 2004 adulterinos
1339 1945 1371 2005 et

232 2049 620 2123 subditicioacensuimus
648 2071 714 2113 non
742 2071 811 2114 esse
833 2048 1047 2114 admittendos
1068 2050 1104 2113 in
1126 2048 1306 2133 plautinam
1327 2049 1373 2112 fa·

232 2161 369 2224 miliam:
393 2159 487 2224 sicuti
508 2159 679 2223 nonnullos
701 2158 780 2223 alios
803 2157 926 2222 additos
948 2159 984 2222 in
1005 2158 1069 2223 fine
1092 2159 1266 2224 audulariae
1289 2160 1370 2224 etin

233 2271 392 2355 principio
413 2269 556 2354 pseudoli
579 2269 841 2334 comoediarum.'
886 2267 966 2333 Zum
985 2267 1114 2334 Sehluss
1136 2269 1193 2333 der
1207 2269 1373 2333 Aulularia

232 2380 332 2446 heisst
354 2402 388 2444 es
410 2379 462 2444 bei
483 2377 593 2443 Valla:
624 2378 834 2462 ‘Imperfecta
856 2378 967 2443 fabula
988 2382 1052 2462 est3
1074 2383 1111 2444 ut
1131 2400 1206 2443 vero
1228 2379 1371 2464 perfecta

231 2489 409 2572 rideretur,
444 2488 592 2554 nonnulli
624 2489 811 2573 quiunquilia
839 2491 872 2552 et
899 2489 1092 2574 praestigias
1119 2489 1274 2572 quasdam
1301 2488 1372 2554 sub-

233 2601 392 2682 iecerunt,
422 2620 503 2684 quae
530 2621 596 2664 non
617 2599 711 2663 modo
733 2621 752 2662 a
773 2599 888 2662 Plauto
915 2597 1011 2683 longe
1039 2599 1171 2683 absunt,
1200 2599 1255 2664 sed
1278 2603 1310 2664 et
1332 2599 1373 2662 ab

233 2711 289 2774 illa
314 2709 438 2774 erudita
461 2712 619 2774 vetustate
639 2712 706 2774 tam
722 2708 827 2773 aliena
842 2712 919 2772 suut
932 2709 1041 2772 omnia
1052 2730 1148 2794 quam
1162 2709 1231 2774 ficri
1246 2709 1372 2794 possit'3

233 2820 285 2885 bei
307 2820 485 2885 Saracenas
507 2841 546 2883 zu
560 2819 635 2883 Aul.
652 2819 693 2902 V,
717 2821 750 2883 1:
773 2816 981 2903 ‘Strophylus
1003 2823 1036 2884 et
1057 2819 1234 2904 Lyconides
1255 2819 1290 2884 in
1311 2818 1371 2882 hac

232 2953 329 2995 scena
358 2930 538 2995 comoediae
564 2929 661 2994 finem
689 2928 831 3012 faciunt,
859 2929 934 3012 quia
962 2928 1150 3013 imperfecta
1176 2929 1287 2994 fabula
1308 2933 1371 3012 est3

233 3063 293 3106 nec
325 3043 402 3104 sunt
437 3038 636 3104 admittenda
673 3039 815 3104 carmina
850 3061 931 3122 quae
969 3039 1238 3104 circumferuntur
1272 3039 1371 3104 veluti

233 3151 380 3234 plautina
403 3149 443 3214 ad
465 3148 722 3233 supplementum
737 3148 881 3231 fabulae;
903 3151 1072 3234 propterea
1088 3152 1179 3214 extra
1193 3149 1372 3233 plautinam

233 3259 394 3326 decuriam
414 3281 544 3324 manere
567 3281 604 3322 ea
620 3259 785 3342 iussimus,
809 3280 851 3323 ne
867 3257 1011 3323 ordinem
1026 3259 1133 3342 potius
1154 3259 1371 3324 interturbent

232 3393 329 3454 quam
343 3370 528 3454 impleant'
558 3368 608 3433 Ob
630 3369 699 3434 hier
714 3368 765 3432 die
780 3369 905 3434 Scenen
920 3367 975 3433 des
996 3367 1117 3434 Codrus
1132 3367 1209 3432 oder
1223 3369 1279 3433 das
1301 3391 1372 3434 vor-

166 3497 213 3546 197
232 3480 435 3565 hergehcude
458 3478 558 3546 Stdclr
579 3479 723 3563 gemeint
744 3479 806 3562 sei,
830 3478 911 3544 lisst
926 3478 994 3542 sich
1009 3478 1101 3543 nicht
1115 3479 1175 3542 mit
1190 3477 1372 3544 Sioherheit

234 3589 457 3672 entschcideu3
485 3589 566 3653 eben
593 3610 628 3653 so
656 3590 778 3674 wenig,
812 3589 853 3653 ob
876 3589 1053 3654 Saracenas
1080 3588 1137 3653 das
1160 3588 1369 3673 Supplement

233 3702 290 3764 der
317 3698 483 3763 Aulularia
510 3697 778 3763 handschriftlich
803 3699 880 3762 oder
908 3698 1065 3783 gedruokt
1098 3698 1199 3783 (daun
1227 3721 1289 3762 nur
1315 3721 1371 3762 aus

234 3810 290 3874 dcr
317 3808 413 3874 editio
440 3806 642 3893 Hermolai*)
670 3809 807 3892 kannte3
835 3808 989 3872 wdhrend
1011 3828 1044 3872 es
1072 3808 1155 3872 baim
1178 3808 1371 3893 Amphitruo

233 3921 321 3985 scine
343 3919 456 3984 Worte
477 3917 561 3982 wohl
590 3917 682 3983 nicht
703 3917 899 3983 zweifelhaft
926 3918 1048 4002 laesen,
1076 3916 1150 3981 dass
1172 3939 1207 3981 er
1228 3919 1371 3983 wissant

234 4029 299 4093 lich
322 4029 373 4094 ein
397 4028 496 4093 sebon
524 4029 715 4113 gedruclrtes
737 4028 837 4096 Stllck
858 4029 893 4093 in
915 4029 1020 4093 seiner
1041 4027 1193 4112 Ausgabe
1213 4028 1370 4113 wegliess.

252 4256 255 4263 Ι
302 4281 326 4350 *)
358 4281 442 4352 [Dans
463 4280 538 4337 diesa
561 4284 733 4351 rogenanutc
755 4279 841 4336 editio
863 4280 1005 4336 Hermolai
1025 4299 1087 4335 nur
1109 4279 1153 4336 die
1171 4277 1370 4352 Supplcmcnte

234 4391 268 4428 ru
285 4373 451 4444 Amphitruo
469 4375 525 4428 und
543 4375 694 4430 Pseudolus
713 4375 833 4440 enthltlt,
850 4375 889 4428 iet
906 4376 978 4430 oben
995 4393 1022 4444 p.
1041 4379 1075 4428 48
1093 4375 1216 4445 geaagt]
