3300 5102
663 409 795 460 nnuns
820 410 998 458 anoarosr.
1334 393 1395 456 421

256 569 333 629 Ibid.
355 570 396 645 Π,
420 573 448 644 2,
475 573 548 630 101:
586 573 645 630 cito
669 571 791 630 domum
813 573 1047 646 transirentque
1068 569 1141 629 haec
1167 569 1194 628 ei
1216 569 1291 629 bene
1313 589 1396 645 prae-

860 658 1006 716 monstra:
1029 651 1210 733 praecipe.*)

257 803 310 868 sie
332 805 417 868 enim
446 803 504 868 hos
526 808 591 868 tres
620 807 796 888 postremos
826 802 1040 869 emendandos
1067 807 1233 889 putamus,
1263 802 1396 868 ducibus

256 936 294 978 ex
327 919 418 999 parte
452 915 581 999 optimis
613 915 715 980 libris.
771 915 913 980 Dubium
947 917 996 979 est
1028 915 1063 979 in
1094 907 1330 997 Most.1V,'2‚
1356 915 1396 978 70

256 1025 452 1109 exemplum,
480 1026 535 1090 ubi
563 1047 756 1111 quamquam
778 1025 905 1090 defendi
930 1028 1036 1110 potest
1054 1028 1146 1104 [ricto
1168 1032 1227 1104 ito,
1260 1030 1397 1091 amburet

255 1144 285 1200 ei
303 1143 419 1214 misere,
444 1141 553 1200 tamen
574 1137 772 1222 praestiterit
790 1140 881 1215 fricta
904 1143 956 1214 itu,
981 1139 1012 1201 e'e'
1031 1139 1138 1201 misere
1159 1141 1296 1201 amburet
1320 1135 1394 1223 [nisi

256 1269 327 1311 cum
340 1246 546 1311 Fleckeiseno
568 1247 756 1331 praetuleris
775 1251 867 1326 fricta
889 1255 933 1313 ito
955 1269 1033 1325 esse,
1058 1254 1088 1311 ei
1107 1247 1212 1312 misere
1234 1247 1393 1334 amburet}

341 1355 501 1444 [Ceterum
517 1379 588 1423 eum
603 1365 633 1422 ei
644 1359 781 1423 sormam
793 1359 1000 1443 spondiacum
1012 1357 1238 1426 Lachmanuus
1253 1358 1288 1422 in
1299 1357 1393 1422 Lucr.

254 1491 285 1553 p.
306 1469 365 1535 152
381 1469 422 1534 ad
437 1467 608 1554 pristinam
630 1485 702 1532 alul
725 1469 926 1554 scripturam,
950 1491 1045 1554 qnam
1066 1467 1241 1532 identidem
1257 1469 1396 1533 servavit

255 1580 305 1644 lex
322 1580 582 1665 repetundarum,
601 1579 646 1644 ita
657 1583 796 1663 revocat,
813 1579 902 1644 illam
917 1582 952 1643 ut
964 1601 1021 1663 pro
1034 1586 1078 1660 ejr'
1094 1579 1233 1662 accipiat
1249 1577 1280 1642 h.
1295 1599 1321 1642 e.
1335 1601 1393 1663 pro

255 1690 362 1755 dabvo
384 1691 424 1756 ad
446 1692 587 1776 genetivi
602 1698 671 1772 ejus
685 1691 926 1756 similitudinem
949 1690 1090 1775 proxime
1113 1688 1295 1770 accedente,
1320 1711 1393 1754 eon-

256 1801 430 1866 cedendum
446 1806 494 1866 est
509 1823 587 1865 sane
603 1823 673 1866 eam
694 1801 729 1865 in
750 1805 875 1886 partem
896 1823 1011 1886 posse
1034 1817 1106 1864 ntur
1128 1799 1207 1864 illud
1230 1800 1335 1864 valere
1358 1804 1394 1865 ut

255 1912 297 1975 sit
324 1934 381 1996 pro
408 1919 482 1994 ejei:
516 1911 570 1976 sed
603 1911 826 1976 necessitatem
853 1915 961 1976 tamen
989 1911 1062 1975 talis
1090 1910 1293 1975 ratiocinatio
1326 1933 1392 1976 non

254 2021 360 2086 habet.
407 2021 519 2086 Altera
541 2023 627 2086 enim
655 2025 783 2106 praesto
805 2026 854 2088 est
882 2022 1104 2108 interpretatio
1132 2021 1228 2104 haec,
1262 2026 1392 2086 utu1u1

254 2136 369 2217 aequet
391 2139 432 2197 tei
448 2133 603 2217 syllabas:
633 2149 681 2198 1u1
705 2137 811 2198 autem
833 2156 899 2198 non
922 2135 1028 2218 potuit
1048 2136 1175 2197 tantum
1197 2132 1294 2196 scribi
1317 2154 1393 2197 casu

253 2244 358 2327 tertio,
383 2243 437 2308 sed
460 2243 505 2307 ita
527 2246 576 2307 ter
591 2244 745 2328 scriptum
768 2249 817 2309 est
837 2267 948 2329 reapse
964 2244 998 2308 in
1014 2245 1085 2329 lege
1105 2243 1238 2326 Rubria,
1262 2265 1392 2327 prorsus

253 2355 289 2418 ut
303 2352 436 2438 pluralis
451 2355 575 2419 numeri
591 2377 668 2420 casu
682 2359 769 2419 recto
785 2373 852 2421 lms
869 2359 901 2420 ct
916 2372 976 2439 lul,
999 2355 1106 2419 dativo
1119 2357 1152 2418 et
1166 2354 1305 2418 ablativo
1322 2371 1390 2420 nus

253 2467 393 2548 (praeter
414 2487 467 2528 eas
489 2466 609 2529 formas
631 2487 713 2550 quae
735 2469 811 2530 sunt
826 2483 879 2532 uls
896 2505 937 2514 —
951 2468 1056 2548 nnus).
1086 2465 1126 2530 In
1140 2464 1191 2529 his
1207 2468 1313 2529 autem
1329 2487 1390 2548 quo

252 2579 442 2660 argumento
458 2576 592 2661 negabis
614 2576 751 2661 primam
767 2583 779 2641 i
792 2577 931 2641 litteram
947 2577 1123 2662 antiquitus
1139 2575 1238 2640 fuisse
1259 2575 1390 2659 longam

252 2689 287 2749 ut
313 2687 348 2750 in
382 2687 525 2751 centenis
554 2686 624 2750 aliis
652 2687 803 2771 temporis
832 2686 958 2752 demum
981 2687 1116 2752 decursu
1138 2687 1178 2750 ad
1200 2686 1390 2751 brevitatem

252 2797 451 2861 attenuatis?
494 2797 547 2861 An
576 2797 640 2862 alia
667 2798 791 2861 ratione
819 2797 943 2883 regitur
973 2813 1026 2861 uls
1059 2796 1218 2881 scriptura
1245 2797 1389 2861 nominu-

251 2907 308 2971 tivi
331 2907 505 2992 singularis
534 2909 569 2972 in
592 2907 649 2974 SC.
674 2907 712 2972 de
735 2906 1015 2972 Bacchanalibus?
1046 2907 1093 2972 vel
1119 2925 1248 2973 ulsnun
1270 2929 1328 2991 pro
1351 2915 1389 2972 is-

252 3023 317 3082 dem
341 3018 374 3102 (i.
399 3041 427 3082 e.
451 3019 542 3105 idem)
569 3020 807 3104 frequentatum
834 3019 869 3084 in
898 3018 1021 3082 tibdis‘?
1058 3017 1108 3083 vel
1142 3034 1254 3082 mnan
1282 3019 1387 3081 neutri

251 3129 378 3212 generis
407 3129 442 3193 in
464 3128 535 3214 lege
557 3129 725 3194 Antonia?
768 3129 918 3214 Idemque
950 3129 985 3194 in
1019 3136 1073 3194 icis
1104 3129 1155 3194 vel
1183 3136 1242 3193 eer's
1275 3129 1387 3193 cadere

252 3241 337 3302 certo
360 3237 440 3303 adeo
461 3241 651 3305 documento
667 3241 724 3307 SC.
741 3239 779 3304 dc
794 3239 980 3304 Tiburtibus
1001 3243 1138 3305 testatur
1159 3239 1209 3304 bis
1231 3240 1385 3323 scriptum

251 3347 404 3414 exhibens
432 3367 540 3434 mels,
571 3351 654 3436 quod
681 3372 775 3416 nemo
803 3351 899 3416 facile
921 3350 1063 3416 animum
1091 3349 1221 3416 inducet
1248 3353 1284 3414 ut
1311 3357 1388 3430 ejeis

250 3459 486 3545 interpretetur.
525 3459 615 3525 Nihil
637 3461 736 3548 igitur
758 3462 891 3547 impedit
912 3462 1080 3547 quominus
1103 3462 1142 3526 ab
1165 3461 1387 3547 antiquissima

249 3579 353 3643 forma
374 3587 404 3645 ei
423 3580 593 3645 transitum
615 3603 683 3646 esse
706 3604 762 3666 per
783 3576 825 3648 eii
845 3585 877 3646 et
899 3575 958 3646 edei
977 3581 1017 3648 ad
1039 3589 1079 3646 tei
1100 3583 1144 3666 (h.
1167 3604 1194 3646 e.
1218 3583 1272 3668 tr'),
1296 3603 1386 3666 prae-

249 3691 336 3754 terea
364 3693 470 3756 autem
492 3691 533 3756 ab
554 3700 571 3755 e
593 3695 626 3756 et
647 3703 657 3755 ῑ
679 3691 718 3757 ad
742 3695 761 3756 ἔ
779 3695 811 3758 et
833 3695 860 3776 t,
885 3714 921 3756 eo
944 3692 1061 3758 certius
1083 3692 1175 3757 nobis
1197 3691 1385 3778 persuadea-

248 3887 377 3960 'Itarum
404 3899 431 3952 si
448 3897 478 3951 id
495 3897 631 3962 certmst,
655 3899 682 3952 ei
699 3903 795 3954 eustos
814 3896 929 3954 aduitus
946 3905 977 3954 tu
993 3897 1126 3966 perieris.
1159 3895 1309 3964 Argutiora
1326 3912 1385 3949 sen·

248 3985 337 4042 tentia
355 3985 386 4042 0.
405 3987 574 4042 Ribbeckius
591 3987 680 4043 Musei
698 3989 785 4044 Rben.
803 3990 823 4043 t.
836 3989 888 4043 XII
904 4007 932 4060 p.
951 3995 1001 4044 595
1018 3987 1143 4054 'lterum
1163 3993 1190 4048 si
1205 3991 1236 4046 id
1253 3992 1385 4054 aerdmst,

248 4087 278 4136 tu
296 4085 323 4136 ei
340 4088 436 4140 eustos
455 4081 571 4141 fidelitas
589 4085 631 4140 br's
648 4083 793 4153 perieris]

314 4173 343 4240 *)
375 4173 470 4244 [arque
487 4177 574 4234 bucce
592 4177 662 4234 be'ne
684 4180 712 4236 εἰ
728 4183 856 4235 monstra
873 4175 951 4230 utin
969 4175 1090 4230 editione
1107 4175 1302 4245 scriberemus,
1320 4177 1383 4231 Am-

248 4265 370 4322 brosiuni
393 4269 528 4324 memoria
550 4269 698 4336 suadebat,
727 4268 756 4322 in
779 4284 834 4338 quo
856 4269 945 4324 visum
968 4271 1010 4324 est
1027 4287 1321 4324 xnucuaunsuonsrau
1339 4289 1384 4326 ex-

247 4361 330 4414 stare.
361 4358 536 4431 Quamquam
553 4363 640 4418 babet
657 4379 724 4417 saue
742 4377 797 4430 quo
809 4362 1017 4417 commendetur
1035 4361 1217 4432 compositum
1233 4381 1384 4433 praeama-

246 4457 309 4508 siru
326 4451 450 4508 verbum.
480 4452 609 4509 Ceterum
628 4457 661 4509 ci.
680 4454 766 4527 praef.
786 4452 873 4510 Stichi
889 4473 917 4528 p.
936 4455 1033 4527 XVILJ
