3302 5096
269 306 333 370 424
620 325 837 388 vnmaoovm
865 328 1052 378 susurrus.

269 477 511 544 induxerimus?
533 478 644 545 eadem
667 503 795 564 prorsus
816 483 975 550 'vocalium
997 487 1253 573 mutationeque
1269 510 1410 556 ecuussc

269 595 398 656 claudus
429 595 574 656 claudere
598 594 756 668 fraudare
783 593 871 658 faeta
907 597 983 659 sunt
1010 618 1172 663 accessere
1203 605 1312 665 cludus
1347 607 1410 666 clu·

270 707 342 766 dere
370 703 542 780 (infeudare
565 705 699 779 frustra.
745 703 813 769 Nee
841 705 973 789 mirum,
1008 729 1081 772 cum
1108 709 1215 792 prisca
1246 714 1351 776 aetate
1380 714 1411 776 et

270 818 366 878 nuuci
386 815 418 876 et
440 832 561 876 nnucne
582 813 790 899 scriberetur,
815 817 971 882 mansisse
994 817 1151 884 duriorem
1173 841 1287 885 sonum
1309 821 1344 885 in
1367 821 1411 884 sl·

269 927 354 1005 tero,
384 923 420 986 in
448 922 548 986 altero
577 924 707 990 cessisse
735 926 886 1008 molliori,
922 930 1050 1012 quando
1085 933 1118 994 et
1144 944 1262 996 centum
1290 938 1412 997 ducenti

270 1040 370 1100 viceni
398 1038 521 1098 triciens
548 1036 716 1100 ettamen
745 1043 965 1118 quadrinqenii
991 1046 1136 1119 nonqenn'
1155 1049 1263 1120 uiqinti
1283 1049 1410 1122 triqintu

271 1167 343 1211 eum
365 1143 521 1208 similibus
542 1144 690 1228 probarit
712 1148 916 1234 consuetudo,
940 1150 1114 1235 parilisque
1136 1152 1355 1217 inconstantis
1377 1153 1411 1217 in

270 1254 389 1320 eisdem
411 1253 489 1318 adeo
511 1255 737 1322 vocabulorum
748 1259 869 1326 formis
892 1259 1018 1325 dinavit
1039 1263 1077 1325 ut
1097 1269 1234 1328 curculio
1254 1271 1409 1343 qucqulio,

271 1373 425 1432 cernulus
441 1373 609 1450 Germaius,
632 1375 754 1449 necieqo
769 1378 911 1451 neqleqo:
936 1371 1026 1456 (nam
1048 1394 1129 1458 quae
1152 1372 1216 1436 alia
1238 1372 1323 1458 apud
1337 1371 1411 1438 Fes-

269 1481 339 1542 tum
361 1478 562 1562 potissimum
584 1482 727 1564 exstent,
759 1485 1006 1547 commemoratu
1029 1506 1048 1547 a
1069 1481 1223 1548 Muellero
1245 1507 1276 1569 p.
1293 1484 1350 1567 23,
1377 1487 1412 1548 ut

224 1603 252 1651 iv
270 1598 370 1655 cluna
397 1596 516 1674 qiumc,
544 1596 703 1656 elucidare
728 1598 904 1671 qlucidnre,
934 1614 997 1677 quo
1024 1601 1214 1674 quincentum
1243 1595 1366 1659 aceedit
1393 1618 1410 1660 e

270 1693 301 1785 p.
325 1700 404 1785 254,
433 1701 484 1784 20,
519 1701 588 1784 ipso
622 1703 735 1767 aetatis
763 1702 932 1767 intervallo
966 1704 1104 1770 discreta
1138 1727 1205 1769 esse
1238 1705 1409 1788 videntur).

272 1817 303 1875 N
308 1833 440 1878 uncum
470 1814 577 1876 autem
604 1834 663 1896 pro
690 1833 725 1876 re
747 1818 837 1878 nihili
863 1813 926 1879 diei
955 1818 1044 1879 extra
1074 1815 1322 1880 controversiam
1351 1819 1409 1899 est,

272 1923 338 1987 sive
361 1923 401 1987 ab
416 1921 505 1987 oleae
526 1923 657 1988 nucisve
679 1923 841 2008 iuglandis
869 1925 1022 1990 interiore
1044 1926 1293 2010 dissaepimeuto
1314 1948 1411 1992 mem·

271 2035 430 2099 branaeeo
459 2033 524 2100 sive
552 2055 571 2097 a
599 2033 695 2098 simili
722 2034 881 2118 particula
907 2036 1002 2100 fabae
1035 2058 1138 2121 grano
1166 2035 1409 2102 inhaerescente

272 2146 338 2210 sire
361 2167 380 2208 a
402 2143 616 2230 quarumlibet
636 2165 742 2208 rerum
763 2146 929 2230 putamine
960 2147 1104 2230 profecta
1127 2150 1176 2212 est
1197 2145 1285 2211 vocis
1307 2148 1410 2212 notio:
1450 2177 1460 2191 ·

271 2278 348 2320 nam
363 2255 401 2319 de
420 2255 481 2318 hoe
496 2258 715 2322 controversas
731 2277 808 2320 sane
823 2257 1107 2341 grammaticorum
1129 2257 1305 2322 sententias
1328 2259 1412 2342 apud

272 2366 402 2431 Festum
424 2389 455 2450 p.
482 2364 542 2430 166
564 2367 756 2450 compositas
778 2366 894 2450 habes,
918 2389 1070 2453 suamque
1093 2368 1325 2432 dubitationem
1347 2369 1412 2432 iam

272 2477 440 2542 Plautinus
463 2474 603 2540 servolus
631 2477 871 2562 significaverat
893 2479 1136 2562 grammaticum
1160 2500 1261 2564 agens
1283 2477 1411 2544 Mostel-

272 2589 371 2653 lariae
393 2611 423 2652 v.
449 2586 545 2652 1041:
582 2590 640 2663 Qui
664 2593 752 2654 bomo
778 2595 901 2654 timidus
928 2597 987 2654 eru
1013 2597 1044 2654 in
1072 2594 1160 2655 rebus
1182 2594 1296 2668 dubiis,
1322 2597 1415 2655 nauci

272 2723 332 2766 non
363 2705 436 2762 crit:
472 2702 570 2778 Atque
590 2705 726 2779 equidem
755 2706 830 2780 quid
856 2706 890 2766 id
915 2722 978 2766 esse
1007 2707 1106 2765 dicum
1135 2705 1257 2766 uerbum
1286 2707 1411 2766 ‘nauci'

272 2817 383 2877 nescio.
428 2807 633 2874 Affinitatem
662 2814 769 2875 autem
796 2811 961 2894 utriusque
986 2814 1022 2886 ¹et
1050 2810 1195 2875 vocabuli
1218 2813 1251 2874 et
1272 2811 1412 2876 notionis

273 2923 369 3008 plane
389 2924 527 2988 testatur
541 2919 710 2987 Ennianus
726 2922 810 3006 apud
824 2920 954 2986 Festum
976 2920 1134 2985 senarius:
1158 2927 1228 2986 illie
1250 2933 1294 2986 esi
1315 2942 1412 3002 nuqu-

273 3038 322 3091 tor
351 3029 455 3106 nihili,
489 3053 549 3096 non
578 3033 697 3097 nuucbi
724 3037 826 3098 nomo:
864 3031 918 3095 ubi
947 3029 1139 3095 servandum
1160 3031 1248 3115 prius
1271 3043 1313 3098 est
1335 3031 1413 3095 illud

274 3137 431 3224 duximus,
454 3141 538 3225 quod
560 3142 686 3207 induxit
707 3141 845 3208 Ioannes
867 3141 1032 3206 Vahlenus
1055 3145 1165 3206 noster
1192 3165 1223 3226 p.
1252 3142 1320 3207 154.
1363 3141 1413 3206 Ae

276 3249 378 3314 sensit
406 3273 477 3316 eam
499 3252 693 3318 affinitatem
715 3254 812 3318 etiam
835 3253 963 3318 Atteius
985 3252 1189 3338 Philologus,
1214 3274 1345 3320 naucum
1367 3252 1412 3316 di-

277 3382 352 3426 cens
370 3370 448 3443 poni
463 3385 524 3445 pro
542 3370 641 3448 uncie,
665 3363 746 3428 nihil
768 3366 877 3429 temen
900 3363 938 3428 de
960 3385 1035 3429 vera
1059 3363 1252 3448 cognatione
1274 3363 1413 3448 suspica·

276 3475 328 3536 tus
349 3476 385 3537 ut
409 3473 542 3539 videtur.
1319 3561 1325 3572 ¹

360 3583 450 3648 Haec
472 3587 594 3668 sutem,
624 3578 826 3671 quantumvis
848 3585 984 3650 fortasse
1005 3584 1216 3669 probabiliter
1238 3584 1412 3669 disputata,

185 3777 195 3790 ι
275 3715 467 3779 numquam,
498 3695 632 3780 credite,
661 3696 826 3762 vobiscum
859 3694 1122 3760 communicanda
1150 3700 1350 3780 putassemus
1372 3733 1414 3744 —-

276 3805 372 3870 nimis
395 3805 481 3870 enim
502 3806 553 3872 vel
574 3806 663 3872 facili
685 3808 736 3871 uel
756 3806 820 3871 levi
843 3806 1026 3872 coniectura
1054 3807 1149 3871 nimis
1172 3805 1274 3871 mults
1296 3805 1330 3870 in
1353 3805 1414 3870 hoc

276 3937 394 4000 genere
416 3916 512 3981 nimis
534 3917 656 3982 lubrico
678 3916 841 4002 luduntur,
865 3939 946 4003 quse
967 3918 1034 3982 dies
1049 3916 1111 3981 diei
1127 3917 1284 3980 abolenda
1305 3916 1414 3980 trudat

276 4065 318 4078 -
340 4026 403 4090 nisi
425 4049 491 4092 non
512 4049 604 4111 posse
626 4031 753 4094 tantum
776 4028 822 4093 ita
845 4049 929 4112 esse,
954 4028 1009 4092 sed
1031 4048 1099 4092 esse
1121 4049 1232 4110 reapse
1255 4028 1306 4090 sat
1327 4029 1414 4091 certo

276 4139 436 4205 videretur
457 4139 669 4204 demonstrari
690 4161 793 4224 posse.
837 4138 875 4202 In
898 4142 1048 4224 promptu
1070 4137 1157 4203 enim
1179 4139 1269 4220 sunt,
1299 4137 1414 4220 quibus

278 4271 390 4334 parum
412 4249 550 4314 tribuere
572 4249 725 4316 multisoii
746 4250 988 4334 etymologistae
1011 4249 1112 4313 nostri
1135 4247 1248 4331 solent,
1273 4247 1415 4311 testimo·

277 4360 346 4424 nia:
369 4381 471 4444 paues
493 4359 606 4444 fateor,
630 4360 685 4426 sed
707 4363 817 4425 tamen
837 4363 993 4443 quantum
1018 4359 1105 4424 estis.
1135 4357 1286 4422 Testatur
1309 4359 1416 4421 sutem
