3302 5096
262 330 325 394 426
619 345 833 407 vuarnoovm
858 347 1044 394 rnavrmn

346 502 595 564 Intermortuam
622 499 809 564 memoriam
830 499 999 564 verborum
1021 500 1224 584 antiquitatis
1246 506 1282 567 ut
1304 525 1400 588 saepe

261 610 335 675 libri
356 610 512 694 Plautini,
534 611 582 674 ita
604 609 681 674 alibi
697 610 840 674 Plautini
862 632 971 675 versus
994 611 1219 697 redintegrant
1238 612 1270 676 h.
1295 635 1322 678 e.
1347 614 1401 679 ob·

261 725 388 786 servata
419 721 471 790 lex
501 742 716 786 numerorum.
761 721 881 798 Quibus
909 721 964 785 ubi
993 722 1041 786 vis
1071 725 1103 785 et
1125 723 1208 787 ratio
1230 724 1401 810 analogiae

261 831 395 916 accedit,
417 832 514 917 longe
536 831 775 896 evidentissima
797 831 929 896 evadere
951 830 1032 896 solet
1060 833 1299 899 demonstratio.
1338 835 1401 900 Do·

262 946 409 1006 cemento
437 946 520 1026 este,
554 965 650 1027 quam
671 943 706 1008 in
728 965 850 1027 nupero
871 943 1069 1029 prooemio*)
1099 944 1266 1028 tetigimus
1291 942 1399 1031 [supra

260 1075 292 1136 p.
310 1053 384 1142 397]
408 1060 605 1134 innuendum
628 1055 732 1118 forma
746 1054 782 1118 in
796 1053 913 1118 Vetere
937 1053 1045 1118 codice
1067 1057 1194 1118 servata
1210 1054 1399 1121 Mercatoris

262 1185 354 1227 versu
376 1163 402 1246 l,
425 1163 456 1247 2,
481 1166 507 1228 9v
525 1163 622 1252 [118],
647 1165 702 1249 qui
723 1163 819 1249 vulgo
840 1164 915 1228 talis
938 1167 1003 1228 est:

324 1305 365 1364 nt
387 1306 565 1366 currendum
580 1309 611 1365 et
625 1305 821 1383 pugnandum
843 1309 873 1364 ct
894 1308 994 1364 auten:
1015 1305 1197 1384 iurgandum
1219 1309 1264 1366 cst
1285 1307 1318 1366 in
1340 1309 1399 1367 via.

261 1436 321 1513 Qui
342 1437 370 1501 si
390 1437 545 1502 iambicus
566 1441 615 1502 est
635 1440 672 1502 ut
692 1437 836 1522 plerique
855 1458 965 1500 versus
985 1435 1070 1501 illius
1093 1459 1248 1520 scaenae,
1272 1439 1400 1523 quadri·

261 1547 417 1633 syllabam
439 1548 575 1613 sormam
597 1548 822 1633 sibi-postulat
844 1551 886 1612 Et
899 1548 1081 1613 currendum
1101 1559 1131 1612 et
1146 1552 1349 1628 paparanum
1371 1563 1401 1616 et

261 1671 359 1723 nutem
380 1661 602 1738 ruriqundumst
624 1661 655 1724 in
679 1666 741 1724 oia:
765 1658 792 1722 si
807 1657 987 1723 trochaicus
1004 1681 1075 1723 cum
1095 1658 1217 1723 duobus
1233 1659 1288 1744 qui
1309 1683 1400 1745 prae-

262 1769 379 1835 cedunt
406 1771 564 1854 versibus,
593 1771 694 1834 rideri
720 1791 798 1833 sane
826 1771 933 1854 potest
959 1767 1161 1852 trisyllabum
1189 1770 1236 1834 sic
1257 1771 1400 1856 recipere

260 1881 310 1946 'Et
331 1888 543 1947 currendwnst
565 1885 595 1945 c't
611 1887 814 1960 papnnutium
828 1892 858 1944 et
877 1881 974 1944 autem
996 1885 1182 1959 rurqanamn
1204 1882 1235 1944 in
1259 1889 1319 1945 uia.
1350 1883 1400 1947 Ac

261 1991 429 2056 fatendum
457 1996 507 2056 est
533 1991 633 2056 multo
660 1990 856 2076 probabilius
883 1989 1063 2054 trochaicos
1090 2013 1240 2055 numeros
1262 2013 1320 2076 per
1341 1993 1399 2057 hos

261 2123 370 2168 versus
392 2105 457 2166 tres
482 2101 663 2167 continuari
692 2102 851 2166 communi
872 2102 1053 2166 sententiae
1074 2102 1203 2166 vinculo
1230 2124 1329 2167 nexos
1351 2103 1399 2168 in-

262 2213 524 2298 dignabrmdique
539 2213 621 2276 servi
639 2213 817 2277 orationem
839 2217 914 2297 apte
937 2215 969 2276 et
992 2213 1149 2277 concinne
1170 2213 1399 2278 terminantes:

347 2379 486 2440 Currenti
513 2381 688 2456 properanti
714 2381 774 2439 hau
803 2380 964 2456 quisquam
987 2380 1113 2457 dignum
1134 2380 1226 2439 habet
1249 2381 1399 2441 decedere.

347 2461 404 2524 lta
431 2468 492 2525 tres
519 2485 566 2526 ros
588 2466 690 2526 simitu
719 2466 851 2544 agendae
874 2468 954 2538 sunt,
978 2466 1099 2542 quando
1121 2485 1212 2524 unam
1235 2467 1399 2544 occeperis:

347 2544 397 2609 'Et
419 2551 627 2612 currendumst
649 2573 673 2610 e.
698 2571 726 2628 q.
750 2571 774 2610 s.

264 2715 327 2781 Sed
348 2715 450 2780 nihilo
473 2719 583 2780 tamen
602 2717 707 2801 magis
728 2715 777 2780 vel
793 2716 880 2780 hunc
896 2737 1021 2780 versum
1043 2716 1093 2780 vel
1115 2715 1288 2780 iambicum
1309 2715 1400 2782 illum

265 2827 466 2892 concedimus
481 2825 666 2892 Plautinum
682 2849 760 2910 esse,
778 2825 936 2892 communi
958 2829 1149 2912 argumento
1164 2825 1225 2890 hoe
1240 2827 1300 2910 usi,
1317 2827 1400 2912 quod

264 2950 293 3003 et
314 2949 414 3002 auten
436 2938 613 3022 particulae
635 2939 698 3003 nisi
720 2925 910 3022 interposito
925 2935 1079 3001 vocabulo
1101 2958 1168 3001 non
1189 2941 1265 3002 sunt
1286 2938 1401 3002 sociari

264 3047 392 3114 solitae:
425 3047 458 3112 id
479 3048 562 3133 quod
584 3070 623 3113 ex
645 3048 709 3113 illis
731 3070 811 3134 quac
833 3046 981 3112 Handius
1003 3046 1174 3112 'lhusellini
1196 3050 1220 3112 t.
1244 3047 1261 3112 Ι
1282 3071 1314 3132 p.
1338 3049 1401 3114 584

265 3159 411 3245 exempla
440 3159 631 3243 composuit,
662 3160 740 3224 satis
767 3159 973 3245 perspicitur:
1011 3163 1090 3222 obite
1116 3169 1149 3222 tu
1178 3162 1297 3223 domum
1319 3171 1347 3224 ct
1369 3173 1401 3226 tu

221 3289 248 3338 vr
266 3283 365 3336 autem
393 3277 527 3336 domurn:
561 3276 589 3335 si
613 3282 642 3335 et
662 3276 718 3335 illa
739 3276 800 3335 volt
821 3281 850 3336 ct
872 3276 923 3334 ille
945 3279 1042 3334 autem
1064 3276 1165 3349 cupit:
1202 3289 1272 3334 aum
1294 3283 1323 3334 et
1345 3275 1402 3336 hoc

266 3393 354 3448 nocte
374 3387 587 3448 consulendum
609 3390 638 3444 et
658 3386 735 3446 illud
755 3392 856 3446 autem
871 3386 1135 3446 inserviendumst:
1158 3391 1187 3444 et
1208 3386 1292 3460 quod
1311 3388 1403 3447 inune
1471 3447 1476 3458 ,

266 3503 365 3559 autem
387 3504 439 3557 est.
471 3491 516 3556 Vt
538 3513 636 3554 unum
658 3491 741 3575 quod
764 3491 951 3555 adversatur
973 3490 1162 3575 exemplum,
1187 3489 1320 3556 Poenuli
1342 3491 1400 3576 IV,

265 3603 303 3686 2,
329 3601 368 3667 19
394 3601 444 3666 'Et
471 3607 559 3666 adire
591 3607 671 3666 lubet
699 3607 846 3668 hominem
877 3614 906 3666 et
933 3613 1032 3668 uatem
1058 3607 1145 3666 nimis
1172 3621 1238 3666 eum
1266 3609 1402 3668 ausculto

266 3717 386 3795 lubeas,
413 3710 499 3776 haud
521 3711 719 3777 haesitanter
747 3716 779 3777 et
800 3712 862 3777 hac
884 3711 1067 3796 stribligine
1090 3713 1123 3775 et
1144 3711 1235 3795 pravi
1257 3712 1292 3776 in
1314 3716 1406 3778 adire'

267 3826 418 3889 accentus
448 3822 526 3887 vitio
554 3823 601 3888 sic
626 3823 828 3888 liberandum
856 3823 899 3888 sit
924 3821 975 3886 'm
996 3826 1085 3885 adire
1105 3827 1252 3886 bominem
1274 3823 1354 3888 lubet
1375 3835 1404 3888 ct

267 3941 355 3999 :rimis
383 3945 481 3998 autem
500 3931 566 3998 ium
588 3956 669 3999 nunc
691 3937 829 4005 auscidul
849 3939 961 3998 luteus.
1006 3931 1100 3996 Vnde
1129 3953 1326 4016 consequens
1354 3935 1403 3997 est

267 4044 359 4108 utin
383 4043 570 4108 Mercatoris
592 4066 684 4108 versu
705 4043 976 4128 quadrisyllabum
1003 4043 1140 4107 formam
1167 4063 1232 4107 non
1255 4043 1402 4126 probabi-

267 4155 342 4218 litas
363 4157 492 4218 tantum
514 4155 723 4238 commendet,
747 4154 802 4218 sed
824 4153 934 4238 exigat
955 4153 1144 4217 necessitas:
