3276 5082
220 1765 252 1815 ΙΙΙ
356 1757 435 1822 Cum
451 1757 557 1820 Plauti
581 1777 693 1820 caussa
714 1757 900 1821 Italicarum
924 1757 1031 1841 copias
1051 1757 1317 1822 bibliothecarum
1339 1781 1407 1843 per·

270 1868 515 1952 vestigaremus,
545 1867 624 1930 illud
652 1867 746 1930 facile
774 1867 1007 1950 intelleximus,
1043 1868 1109 1931 eins
1137 1869 1234 1933 studii
1263 1869 1346 1954 quod
1373 1871 1404 1933 iu

268 1977 520 2062 interpretandis
550 1976 667 2041 fabulis
695 1976 854 2041 Plautinis
888 1978 958 2061 ipsa
986 1978 1162 2062 antiquitas
1195 1980 1406 2066 posuisset**)

268 2088 350 2154 nihil
373 2091 512 2152 aetatem
534 2087 659 2151 tulisse:
682 2087 714 2150 id
737 2088 820 2171 quod
842 2109 883 2150 ne
905 2109 1145 2171 speraveramus
1167 2090 1305 2173 quidem.
1344 2089 1407 2154 Sed

268 2199 304 2263 in
331 2221 445 2262 manus
473 2201 582 2261 tamen
613 2218 670 2281 per
697 2219 766 2260 earn
797 2198 1070 2281 opportunitatem
1099 2204 1257 2263 venerunt
1284 2199 1406 2263 codices

268 2309 397 2392 quidam
424 2331 499 2373 mss.
523 2311 575 2371 sat
601 2307 651 2371 vel
681 2307 802 2390 amplos
833 2307 882 2371 rel
912 2309 1134 2373 memorabiles
1163 2310 1406 2373 commentarios

270 2418 440 2502 complexi,
471 2439 549 2501 quos
577 2417 704 2481 doctam
733 2417 958 2500 antiquitatem
987 2418 1112 2482 imitata
1136 2419 1297 2483 recentior
1318 2423 1406 2483 aetas

268 2528 402 2612 peperit.
447 2527 496 2591 De
518 2550 579 2612 quo
602 2548 719 2612 genere
742 2527 890 2591 universo
917 2528 1028 2610 paneis
1055 2530 1258 2612 exposuimus
1279 2530 1313 2592 in
1335 2551 1406 2614 pro-

268 2638 370 2702 oemio
393 2637 459 2702 eius
482 2638 571 2720 libri,
603 2659 665 2721 quo
694 2637 731 2700 ad
761 2636 933 2702 Homerica
955 2639 1061 2702 studia
1083 2638 1243 2703 Pisistrati
1268 2638 1405 2702 Alexan-

268 2749 438 2832 drinasque
466 2746 676 2811 bibliothecas
704 2751 854 2830 spectans
880 2753 1025 2812 scholium
1048 2755 1222 2813 Plautinum
1246 2749 1405 2813 chamavi-

267 2881 337 2922 mus
361 2855 490 2945 [Opusc.
508 2857 570 2921 vol.
586 2856 603 2921 Ι
618 2880 649 2941 p.
667 2857 687 2920 6
702 2856 796 2944 sqq.].
827 2857 873 2920 nt
886 2856 947 2921 hoc
961 2858 1088 2941 quidem
1110 2858 1215 2941 ipsum
1231 2858 1284 2942 qui
1308 2859 1405 2922 codex

267 2972 358 3033 tenet
380 2967 514 3052 Collegii
536 2967 674 3031 Romani
690 2969 721 3030 4.
738 2967 773 3031 Ο.
790 2967 841 3050 39,
866 2967 944 3030 satis
967 2971 1073 3052 potest
1086 2967 1153 3032 illic
1176 2983 1244 3032 esse
1266 2968 1405 3052 descrip-

267 3083 319 3143 tus
347 3078 456 3142 videri.
501 3077 554 3141 Ab
582 3099 618 3142 eo
645 3080 751 3141 autem
774 3097 892 3161 genere
915 3078 1113 3161 aliquantum
1141 3078 1324 3162 discrepant
1351 3079 1405 3162 qui

268 3211 334 3253 non
355 3193 392 3253 ut
412 3188 606 3272 legerentur,
630 3188 684 3252 sed
707 3190 743 3251 ut
765 3186 951 3250 audirentur
967 3188 1134 3272 compositi
1149 3192 1225 3252 sunt
1247 3210 1404 3252 commen-

267 3299 342 3362 tarii
365 3299 528 3363 doctorum
557 3301 628 3381 (pro
649 3297 706 3362 illa
728 3298 846 3382 aetate)
875 3299 1101 3383 magistrorum
1124 3298 1291 3362 Plautinas
1313 3298 1404 3362 fabu-

267 3409 316 3474 las
347 3408 438 3474 Italis
472 3407 729 3472 adulescentibus
762 3409 1055 3492 interpretantium.
1111 3408 1161 3472 Ex
1194 3407 1288 3472 huius
1319 3408 1402 3472 modi

335 3663 361 3734 *)
391 3661 576 3733 [Prooemium
608 3661 708 3716 Indicis
737 3661 893 3718 scholarum
927 3661 1095 3717 aestivarum
1125 3662 1310 3717 Bonnensiuru
1339 3662 1403 3716 orriri

268 3751 533 3826 molossorum]

334 3849 376 3918 **)
406 3848 562 3918 [Veterum
590 3865 707 3919 quorum
730 3849 843 3917 quidem
871 3850 949 3903 certa
971 3849 1117 3914 memoria,
1139 3849 1323 3918 interpretum
1341 3849 1358 3903 i.
1378 3865 1401 3904 e.

268 3941 388 3997 Cornelii
405 3941 538 3997 Sisennae
556 3945 585 3997 et
603 3941 727 3997 Terentii
739 3941 835 3996 Scauri
853 3942 1009 3996 nominibus
1026 3944 1070 3996 sat
1087 3941 1227 4012 probabili
1245 3942 1404 3996 coniectura

266 4037 299 4090 A.
318 4034 628 4090 Schottmnellerus
646 4035 796 4105 Symbolae
814 4035 909 4104 philol.
925 4036 1012 4090 Eoun.
1028 4053 1055 4104 p.
1080 4040 1129 4089 823
1148 4051 1207 4103 sqq.
1228 4041 1275 4089 831
1297 4035 1404 4088 addidit

267 4147 356 4198 nuper
380 4128 496 4182 duorum
523 4128 783 4182 commentariorum
801 4128 991 4182 Plautinorum
1020 4127 1139 4195 vestigia
1159 4127 1188 4179 in
1207 4127 1289 4180 Nonii
1314 4129 1402 4181 sarra-

267 4222 331 4292 gine
350 4238 367 4275 a
383 4238 412 4275 se
431 4221 553 4278 detecta:
576 4239 692 4290 quorum
711 4221 783 4276 alter
800 4221 837 4276 ad
854 4221 986 4276 tredecim
1006 4219 1113 4274 fabulas
1130 4219 1308 4288 pertinuisse,
1332 4221 1403 4278 alter
1459 4233 1464 4242 ·

267 4315 294 4370 in
314 4314 513 4384 Amphitruone
531 4314 687 4369 substitisse
705 4315 834 4384 videtur]
